2067 3332
87 156 206 194 Fam.
232 166 266 192 2.
295 153 374 205 16]
645 153 923 191 CICERO’S
968 154 1256 192 LETTERS.
1756 155 1834 196 177

87 293 356 361 optimum
408 292 653 359 mihique
696 292 1056 353 carissimum,
1103 310 1172 343 an
1227 294 1464 354 dubitaS,
1510 311 1633 344 cum
1693 294 1834 345 scias

87 383 279 452 quanti
309 401 433 434 cum
465 383 617 433 illum
648 390 765 433 turn
795 399 925 433 vero
962 383 1200 433 Tulliam
1231 374 1409 434 meam
1452 384 1668 445 faciam,
1702 385 1834 452 quin

87 491 151 526 ea
179 491 266 525 me
298 491 427 525 cura
454 473 950 524 vehementissime
993 473 1272 535 sollicitet,
1301 482 1355 524 et
1387 491 1452 525 eo
1483 475 1660 542 magis
1689 476 1834 542 quod

86 565 142 616 in
174 564 560 616 communibus
590 563 828 614 miseriis
865 564 966 614 hac
996 571 1184 614 tamen
1229 565 1548 616 oblectabar
1591 565 1829 632 specula,

88 655 437 707 Dolabellam
467 671 650 706 meum
680 654 767 705 vel
797 655 982 721 potius
1014 662 1266 705 nostrum
1296 655 1417 705 fore
1459 656 1528 706 ab
1559 655 1625 706 iis
1669 656 1833 706 mole-

86 745 225 807 stiis,
253 762 388 813 quas
417 745 751 796 liberalitate
781 762 880 796 sua
911 752 1281 806 contraxerat,
1308 745 1583 796 liberum?
1646 746 1833 796 Velim

86 853 315 904 quaeras
359 853 497 903 quos
541 835 631 886 ille
680 835 798 886 dies
853 835 1198 896 sustinuerit,
1247 835 1301 885 in
1346 836 1482 886 urbe
1524 836 1654 886 dum
1708 836 1830 897 fuit,

86 944 248 995 quarn
305 927 534 978 acerbos
590 926 712 987 sibi,
771 943 935 994 quam
1003 926 1257 976 mihimet
1313 926 1419 992 ipsi
1475 943 1666 977 socero
1722 944 1832 977 non

87 1018 374 1069 honestos.
434 1018 629 1085 Itaque
652 1034 833 1084 neque
858 1034 961 1084 ego
991 1017 1140 1068 hunc
1177 1016 1614 1083 Hispaniensem
1646 1034 1832 1068 casum

88 1117 366 1176 exspect0‚
409 1109 478 1159 de
520 1125 627 1176 quo
669 1108 804 1158 mihi
851 1108 1197 1174 exploratum
1242 1115 1327 1158 est
1371 1107 1448 1158 ita
1491 1125 1613 1159 esse
1655 1116 1714 1158 ut
1774 1116 1834 1158 tu

87 1199 302 1261 scribiS,
336 1216 516 1267 neque
546 1199 839 1266 quicquam
870 1206 1056 1249 astute
1087 1199 1289 1265 cogito
1378 1198 1439 1250 Si
1469 1199 1686 1265 quando
1731 1199 1832 1249 erit

87 1290 297 1352 civitaS,
323 1290 426 1341 erit
457 1290 711 1357 profecto
742 1289 904 1340 nobis
933 1289 1114 1351 locus;
1157 1290 1242 1340 sin
1272 1296 1458 1340 autem
1489 1306 1600 1339 non
1632 1289 1751 1349 erit,
1779 1289 1833 1339 in

88 1382 311 1433 easdem
362 1380 691 1432 solitudines
729 1389 790 1430 tu
830 1381 964 1447 ipse,
997 1388 1057 1430 ut
1101 1380 1351 1440 arbitror,
1384 1380 1590 1440 venieS,
1624 1380 1679 1430 in
1723 1380 1835 1446 qui-

87 1472 190 1524 bus
229 1489 332 1523 nos
368 1471 691 1523 consedisse
720 1471 928 1522 audies.
1015 1470 1128 1522 Sed
1159 1487 1263 1537 ego
1293 1471 1533 1521 fortasse
1563 1471 1836 1521 vaticinor

87 1571 142 1614 et
172 1563 308 1614 haec
339 1563 524 1614 omnia
551 1562 808 1613 meliores
839 1562 1125 1612 habebunt
1150 1562 1331 1612 exitus
1355 1579 1365 1623 3
1410 1562 1668 1612 recordor
1687 1562 1832 1611 enim

87 1654 508 1721 desperationes
553 1670 742 1704 eorum
785 1653 879 1720 qui
918 1669 1083 1703 senes
1128 1660 1284 1703 erant
1327 1652 1685 1703 adulescente
1726 1669 1829 1703 me.

90 1745 203 1796 Eos
224 1762 328 1812 ego
346 1745 588 1796 fortasse
607 1761 756 1795 nunc
777 1744 964 1794 imitor
987 1751 1040 1794 et
1065 1751 1191 1794 utor
1209 1743 1408 1793 aetatis
1428 1742 1576 1794 vitio.
1649 1743 1832 1793 Velim

87 1836 164 1887 ita
193 1836 291 1898 sit;
335 1836 431 1886 sed
466 1844 654 1886 tamen
676 1868 779 1886 —-.
866 1836 1080 1901 Togam
1116 1841 1460 1900 praetextam
1499 1833 1612 1883 texi
1649 1833 1832 1899 Oppio

1004 1961 1251 2008 vaticinor,
1281 1961 1468 2010 perhaps
1499 1960 1531 1998 I
1553 1973 1620 1997 am
1663 1973 1688 1997 a
1716 1960 1834 2011 false

87 1965 284 2015 omnique
324 1963 587 2013 patrimonio
628 1962 918 2012 praestantior

996 2017 1190 2067 prophet.
1254 2016 1462 2055 fortasse
1485 2028 1667 2066 appears
1702 2022 1747 2053 to
1780 2014 1832 2053 be

82 2021 223 2071 gloria
245 2020 419 2057 virtutis
440 2031 670 2069 rerumque
683 2023 915 2068 gestarum.

87 2087 219 2114 —an
250 2075 470 2114 dubitas:
512 2073 635 2112 when
667 2086 721 2112 an
754 2086 918 2112 answer

88 2137 134 2170 to
165 2144 191 2170 a
221 2130 427 2183 difficulty
453 2130 489 2168 is
521 2130 688 2168 thrown
719 2129 812 2167 into
844 2129 917 2167 the

88 2186 201 2226 form
219 2186 265 2225 of
285 2199 311 2225 a
332 2186 547 2238 question,
563 2186 594 2224 it
611 2185 647 2224 is
669 2185 918 2236 commonly

88 2241 345 2281 introduced
366 2242 422 2294 by
443 2256 500 2280 an
512 2255 529 2288 ,·
562 2241 615 2280 cf.
648 2242 764 2279 Tusc.
790 2242 915 2290 Disp.

94 2309 125 2336 1.
148 2310 196 2347 14
212 2299 338 2350 quasi
357 2311 440 2336 non
459 2311 615 2336 necesse
634 2298 699 2342 sit,
714 2297 923 2349 quicquid

89 2355 166 2394 isto
205 2355 323 2392 modo
354 2354 625 2404 pronunties,
656 2353 705 2391 id
730 2358 808 2391 aut
836 2366 919 2391 esse

88 2415 164 2448 aut
185 2423 268 2449 non
290 2422 384 2448 esse.
445 2410 517 2447 An
548 2415 594 2448 tu
616 2409 840 2447 dialecticis
869 2421 918 2446 ne

89 2466 271 2504 imbutus
291 2461 458 2516 quidem
481 2478 533 2503 es.
595 2464 675 2504 See
701 2464 793 2503 also
817 2464 918 2502 Plu·-

88 2522 189 2573 [φρ.
212 2533 246 2559 2.
272 2520 642 2572 38.—liberurn:
675 2519 916 2565 Dolabella,

89 2577 210 2616 when
233 2577 287 2615 he
309 2589 394 2615 was
415 2576 458 2614 in
480 2589 624 2627 power
644 2584 688 2614 at
723 2577 862 2614 Rome
893 2587 919 2613 a

89 2632 172 2671 few
192 2645 314 2685 years
345 2633 464 2678 later,
488 2632 673 2684 actually
698 2630 917 2682 proposed

89 2701 218 2726 novae
247 2689 412 2726 tabulae
427 2701 443 2733 ,·
484 2687 537 2726 cf.
570 2689 658 2725 Att.
697 2699 755 2724 11.
791 2698 852 2738 23.
878 2698 914 2738 3.

88 2755 276 2795 —quos
319 2743 396 2782 ille
428 2743 547 2790 dies,
573 2749 670 2781 etc.:
707 2757 758 2780 sc.
792 2743 914 2780 when

88 2799 264 2850 pressed
299 2798 354 2852 by
385 2799 451 2838 his
482 2798 691 2838 creditors
721 2798 790 2836 for
820 2810 916 2849 pay-

89 2862 218 2894 ment.

144 2910 180 2949 6.
219 2911 601 2962 Hispaniensem
634 2921 830 2948 casum:
863 2908 915 2947 cf.

89 2967 137 3004 de
157 2967 396 3017 Hispaniis,
416 2967 493 3017 Ep.
514 2967 560 3003 L.
585 2977 607 3017 3
630 2978 669 3003 n.
685 2988 739 2993 —
756 2971 916 3003 astute

91 3022 249 3073 cogito
269 3037 277 3061 :
321 3021 390 3061 for
428 3027 615 3060 astutum
658 3023 785 3072 cogito
801 3033 816 3065 ,·
863 3019 916 3058 cf.

83 3079 264 3126 prolixe,
289 3078 367 3128 Ep.
393 3077 519 3115 XXI.
547 3088 561 3114 1
584 3089 623 3114 n.
639 3100 692 3104 —-
709 3076 916 3114 fortasse

1005 2073 1180 2125 cynical.
1244 2072 1307 2110 Its
1340 2085 1415 2110 use
1447 2072 1482 2110 is
1516 2071 1632 2122 quite
1667 2071 1709 2109 in
1742 2071 1834 2108 har-

1006 2141 1136 2180 mony
1151 2127 1252 2166 with
1271 2128 1344 2166 the
1365 2127 1588 2179 markedly
1605 2127 1713 2165 calm
1731 2132 1832 2164 tone

1006 2184 1142 2223 which
1182 2184 1334 2222 Cicero
1371 2182 1522 2221 affects
1564 2182 1832 2232 throughout

1004 2240 1047 2278 in
1071 2239 1263 2291 replying
1291 2248 1335 2277 to
1359 2239 1432 2277 the
1454 2238 1679 2288 impulsive
1707 2238 1833 2276 letter

1005 2295 1053 2334 of
1094 2294 1454 2334 Caelius—sed
1487 2301 1678 2332 tamen:
1725 2293 1830 2331 such

1005 2364 1059 2390 an
1091 2350 1362 2401 aposiopesis
1398 2350 1433 2388 is
1464 2349 1691 2400 especially
1722 2361 1833 2387 com-

1005 2420 1107 2445 mon
1129 2407 1170 2445 in
1199 2406 1272 2445 the
1305 2407 1475 2444 Letters
1497 2405 1619 2443 when
1643 2404 1715 2442 the
1737 2417 1832 2454 sup-

1005 2461 1181 2514 pressed
1199 2461 1441 2512 possibility
1454 2461 1489 2499 is
1506 2473 1560 2498 an
1578 2460 1831 2510 unpleasant

1006 2531 1101 2557 one.
1171 2517 1331 2555 B'ockel
1377 2523 1533 2568 quotes
1564 2517 1651 2553 Att.
1693 2527 1730 2564 7.
1768 2527 1830 2566 23.

1007 2586 1027 2612 2
1075 2574 1247 2611 manebo
1296 2574 1439 2624 ζςίίιιν,
1481 2574 1559 2609 etsi
1595 2572 1830 2616 vivere—,·

1003 2631 1124 2668 Fam.
1152 2640 1212 2677 14.
1237 2640 1272 2680 3.
1300 2639 1320 2679 5
1341 2629 1380 2665 si
1391 2627 1596 2678 pelficitis
1620 2627 1734 2677 quod
1749 2628 1832 2676 agi-

1003 2687 1066 2730 tis,
1101 2698 1166 2722 me
1194 2685 1254 2722 ad
1279 2697 1349 2721 vos
1375 2684 1520 2721 venire
1550 2688 1726 2732 oporte&
1763 2683 1831 2720 sin

1000 2747 1228 2779 autem--.

1059 2807 1096 2845 7.
1141 2795 1326 2846 Oppio:
1378 2806 1496 2844 upon
1540 2792 1719 2843 Oppius,
1759 2805 1831 2831 see

1006 2853 1083 2903 Ep.
1110 2852 1256 2889 XXX.
1283 2862 1318 2888 2.
1370 2850 1522 2888 Cicero
1547 2848 1832 2899 humorously

1005 2919 1230 2957 expresses
1263 2906 1302 2943 iu
1336 2912 1501 2955 togam
1533 2910 1831 2954 praetextam

1005 2963 1101 3002 texi
1124 2962 1196 3000 the
1219 2961 1333 3011 hope
1357 2960 1493 2999 which
1519 2959 1685 3010 Oppius
1717 2959 1832 2997 cher-

1003 3017 1126 3057 ished
1178 3016 1224 3055 of
1272 3016 1471 3066 securing
1519 3015 1664 3066 public
1711 3013 1831 3052 office

1005 3072 1193 3124 through
1212 3072 1284 3110 the
1306 3072 1518 3110 influence
1536 3070 1583 3109 of
1603 3070 1669 3109 his
1690 3068 1831 3109 friend
