2067 3332
627 132 930 172 CRITICAL
969 133 1309 171 APPENDIX.
1766 133 1844 173 301

174 289 201 318 a
225 276 434 316 Caesare
460 274 504 312 H
569 275 746 313 Caesare
767 273 858 311 MD

174 344 286 373 nam
301 331 393 370 etsi
411 331 457 369 M
489 335 575 368 tam
591 330 667 368 etsi
678 329 928 382 commonly

229 386 402 439 printed

122 458 145 498 3
177 445 393 495 effugere
414 442 626 494 effingere
647 441 694 480 M

175 500 452 553 opinionem
478 498 568 536 HD
629 496 815 536 omitted
838 497 885 535 M

119 571 144 608 4
175 563 426 610 praeterea
448 555 506 593 de
530 566 608 593 me
631 553 926 606 pratereaa'em

150 671 399 709 Oenomao
421 668 622 707 a'enomao
651 667 744 706 MD
804 666 854 704 de
874 678 930 703 oe-

232 738 381 764 nomao
406 724 447 761 H

123 793 144 835 5
177 788 259 821 aut
282 780 456 819 faciam
482 779 573 817 HD
633 783 683 817 ut
691 778 860 830 faciam
882 778 929 816 M

121 850 142 889 7
175 837 422 890 popellum
447 835 658 874 Biicheler
696 834 929 885 popillium

234 893 329 932 MH
367 893 583 943 popilium
610 892 650 930 D
685 890 927 941 pompilum

234 949 423 988 Rutilius
475 948 680 998 polypum
707 945 930 985 Corradus

177 1006 464 1046 cantharum
490 1002 810 1042 Mendelssohn
859 1001 929 1053 (cf.

234 1061 360 1107 Ovid‚
385 1061 488 1099 Hal.
513 1059 623 1112 103),
645 1059 930 1110 tliynnarizcm

235 1117 423 1157 Rutilius
501 1116 714 1166 tlzynnum
771 1114 933 1153 Schiitz

233 1176 422 1213 naritam
451 1172 598 1211 Sch'oll

178 1231 307 1282 apud
339 1241 416 1268 me
441 1258 451 1267 .
476 1257 486 1267 .
511 1257 522 1268 .
545 1227 674 1279 apud
705 1226 813 1266 illos
842 1226 932 1264 HD

235 1285 418 1325 omitted
453 1286 498 1323 M

178 1355 275 1382 non
298 1348 373 1381 est
396 1341 523 1393 quod
540 1352 636 1379 non
655 1351 713 1379 eo
732 1339 800 1378 sis
819 1350 934 1377 con-

237 1398 344 1438 silio
383 1397 613 1436 Lehmann
678 1409 762 1434 non
799 1409 842 1434 eo
876 1396 935 1432 sis

235 1455 408 1493 consilio
442 1454 488 1492 M
549 1466 633 1491 non
666 1457 726 1490 est
755 1451 868 1502 quod
893 1463 936 1488 eo

235 1513 294 1550 sis
314 1511 487 1549 consilio
520 1507 792 1558 NVesenberg
850 1520 934 1544 non

236 1581 279 1606 eo
293 1568 431 1617 possis
450 1566 626 1604 consilio
656 1565 722 1602 uti
755 1562 937 1612 Madvig

124 1623 150 1664 8
182 1622 383 1663 miniani
407 1622 467 1660 M.
530 1619 845 1660 Mendelssohn
867 1617 937 1656 de-

237 1678 365 1718 fends
387 1678 461 1717 the
481 1677 596 1716 form
617 1689 665 1715 as
687 1674 935 1726 colloquial,

238 1734 491 1786 comparing
514 1734 702 1778 Levana,
721 1732 934 1775 Tutanus‚

239 1798 320 1831 etc.
380 1790 555 1829 miniati
579 1787 818 1827 Lambinus
849 1785 935 1824 and

238 1853 355 1886 most
376 1846 537 1885 editors

103 1915 153 1945 10
185 1903 476 1944 sannionum
511 1902 551 1939 D
612 1911 855 1939 sannomcm
890 1898 936 1936 M

239 1960 492 1998 samiorum
537 1956 581 1995 H
640 1968 845 1995 sanorum
890 1954 936 1992 F.

242 2014 473 2054 Hofmann
522 2014 745 2051 saniorum
770 2010 937 2064 Tyrrell

199 2151 286 2193 ΕΡ.
316 2149 454 2192 LXII
486 2149 652 2206 (Fam.
678 2158 720 2202 9.
752 2145 830 2204 18)

133 2262 149 2290 1
185 2256 440 2302 propterea
452 2252 672 2299 praeterea
696 2246 790 2285 MD

187 2307 362 2358 quibus
387 2306 427 2343 D
487 2305 565 2355 qui
586 2303 632 2341 M

133 2374 155 2402 2
188 2362 445 2402 consilium
474 2360 649 2398 consilio
671 2358 763 2396 MD
814 2400 818 2402 ,

134 2431 157 2471 3
188 2419 403 2458 delectas
430 2418 471 2455 D
531 2416 705 2454 delectat
725 2414 772 2452 M

189 2487 266 2514 me
288 2474 367 2513 hic
389 2473 501 2512 mihi
520 2472 587 2510 lzic
610 2471 703 2509 MD

190 2531 321 2570 disce
338 2542 365 2569 a
383 2541 460 2568 me
485 2527 648 2578 Bengel
697 2526 877 2564 disceam
894 2523 940 2562 M

187 2583 509 2638 προλεγομένοις
528 2584 574 2622 Μ
615 2597 646 2620 π·
659 2597 683 2631 ρ
697 2596 716 2620 ο
730 2596 754 2628 η
768 2594 797 2628 ’γ
811 2596 839 2627 μ
852 2581 870 2618 έ
886 2595 905 2617 ν
917 2594 942 2617 α

246 2642 370 2681 Boot.
414 2637 731 2679 Mendelssohn
743 2635 849 2675 does
865 2641 942 2674 not

245 2697 449 2736 consider
488 2694 789 2745 προλεγομένοις
825 2691 941 2743 good

247 2753 392 2793 Greek
415 2753 528 2791 here.

135 2822 160 2859 4
191 2810 247 2858 si,
270 2809 512 2861 quomodo
533 2807 689 2854 video,
713 2804 943 2844 aestima-

247 2866 405 2905 tiones
426 2863 628 2903 Schmalz
657 2861 731 2899 sed
743 2860 944 2911 quomodo

246 2922 364 2960 video
380 2922 419 2959 si
436 2919 745 2958 aestimationes
780 2916 824 2954 M
857 2914 941 2953 and

249 2978 290 3015 D
334 2975 532 3029 (without
553 2974 607 3023 si)
640 2973 713 3011 sed
729 2970 942 3022 quomodo,

248 3033 406 3072 videro.
446 3031 497 3069 Si
510 3029 819 3068 aestimationes
838 3027 944 3064 Ben-

250 3088 318 3140 gel

1099 273 1227 312 idem
1279 273 1404 313 istuc
1456 273 1502 311 M
1590 274 1686 312 item
1737 275 1828 312 istic

1157 328 1290 368 Orelli

1102 458 1188 499 ΕΡ.
1219 458 1387 499 LXIII
1417 459 1582 516 (Fam.
1610 470 1651 514 9.
1681 460 1762 516 20)

1050 570 1063 596 1
1134 570 1223 598 uae
1274 572 1372 596 uam

1101 571 1321 654 {biergnt
1340 615 1380 652 D
1396 560 1642 653 qllzabierunt
1661 615 1707 653 M
1747 615 1850 653 abie-

1156 676 1265 764 φὲἶιπί
1286 670 1376 722 (the
1398 670 1490 708 first
1521 670 1649 709 letter
1675 669 1845 722 erased)

1101 794 1214 821 nam
1258 783 1298 820 D
1358 796 1444 820 non
1487 783 1533 821 M
1593 781 1777 821 omitted
1806 782 1849 820 H

1159 852 1274 877 nunc
1295 851 1344 876 or
1365 852 1441 876 nos
1461 838 1609 877 others

1104 901 1263 933 castra
1288 894 1378 932 HD
1438 899 1627 932 cassatra
1651 894 1697 932 M

1050 963 1070 989 2
1105 963 1161 989 ex
1179 957 1279 989 arte
1299 950 1392 989 ista
1413 950 1580 989 Krauss
1608 964 1661 988 ex
1680 951 1787 988 artis
1805 950 1850 988 M

1157 1020 1211 1045 ex
1230 1007 1395 1044 artibus
1431 1006 1565 1045 Orelli
1621 1007 1853 1045 exercitati-

1159 1064 1253 1101 onis
1284 1062 1429 1101 Busch
1488 1063 1722 1113 exquisitae
1745 1062 1852 1099 artis

1162 1118 1430 1169 Wesenberg
1505 1119 1852 1167 ὀψαρτυτικῆς

1162 1174 1481 1214 Mendelssohn
1540 1174 1621 1221 ἐξο
1633 1188 1663 1223 χ
1676 1175 1729 1222 ἣς
1751 1173 1852 1226 Tyr-

1160 1231 1234 1270 rell

1105 1299 1200 1327 non
1222 1285 1365 1326 added
1386 1285 1442 1339 by
1464 1284 1600 1325 Orelli

1108 1413 1194 1454 Ep.
1224 1412 1383 1454 LXIV
1411 1413 1577 1470 (Fam.
1602 1423 1645 1467 9.
1676 1412 1756 1470 17)

1055 1517 1068 1543 1
1106 1517 1202 1544 non
1224 1518 1275 1543 ne
1299 1503 1570 1556 (affirmative
1595 1501 1791 1554 particle)
1818 1502 1851 1540 I.

1164 1562 1209 1599 F.
1234 1560 1482 1599 Gronovius

1141 1690 1228 1731 ΕΡ.
1258 1689 1389 1731 LXV
1416 1689 1580 1747 (Fam.
1605 1686 1647 1730 6.
1673 1686 1726 1746 6)

1057 1802 1071 1829 1
1107 1802 1290 1837 vereor,
1314 1800 1373 1828 ne
1396 1788 1644 1828 desideres
1667 1786 1714 1826 M
1769 1800 1854 1825 non

1162 1859 1308 1884 vereor
1351 1858 1402 1883 ne
1449 1844 1653 1883 desideres
1699 1843 1856 1895 Marty-

1162 1902 1402 1952 ni-Laguna
1452 1900 1560 1939 and
1610 1899 1856 1950 commonly

1164 1957 1334 2008 printed

1109 2014 1295 2066 parium
1319 2011 1539 2051 Victorius
1589 2017 1770 2061 partum
1793 2011 1824 2048 Ω

1110 2077 1156 2109 et
1189 2081 1335 2120 saepe
1368 2068 1614 2107 misissem
1649 2073 1689 2105 et
1720 2080 1760 2104 se
1795 2066 1857 2104 de-

1164 2127 1367 2165 misissem
1415 2124 1461 2162 M
1535 2124 1610 2163 etsi
1645 2123 1692 2160 di
1723 2123 1857 2160 misis-

1164 2195 1245 2220 sem
1271 2181 1310 2220 G
1368 2186 1408 2219 et
1424 2193 1465 2218 se
1485 2180 1530 2217 di
1549 2180 1753 2217 misissem
1779 2178 1817 2215 R

1056 2250 1077 2277 2
1110 2243 1335 2290 putarent
1348 2241 1566 2286 putarunt
1587 2235 1632 2272 M

1112 2293 1254 2333 celeri
1277 2293 1401 2331 ceteri
1423 2292 1467 2330 M

1056 2363 1079 2403 3
1111 2362 1256 2401 quam
1280 2360 1389 2388 cum
1413 2349 1445 2385 Σ
1505 2359 1603 2384 nam
1623 2358 1716 2384 cum
1734 2345 1766 2382 Ω

1055 2419 1080 2455 4
1112 2406 1388 2456 seiungeret
1430 2404 1461 2440 Σ
1520 2415 1561 2440 se
1599 2404 1792 2451 iungeret
1827 2401 1859 2437 Ω

1166 2475 1206 2500 se
1222 2462 1461 2510 diiungeret
1481 2458 1620 2510 Kleyn
1639 2455 1725 2495 and
1747 2467 1858 2494 com-

1168 2517 1315 2568 monly
1335 2512 1506 2566 printed

1057 2585 1077 2624 7
1113 2580 1163 2613 ut
1187 2574 1234 2611 in
1257 2572 1297 2611 G
1354 2575 1431 2608 aut
1450 2572 1496 2608 in
1522 2569 1611 2607 MR

1058 2642 1083 2682 9
1114 2628 1361 2679 intelleget
1382 2626 1609 2675 intellegest
1637 2623 1682 2662 M
1742 2623 1858 2660 intel-

1167 2686 1256 2723 lexi
1277 2685 1316 2722 G
1375 2681 1623 2720 intellexisti
1641 2680 1677 2717 R

1033 2754 1047 2780 1
1062 2753 1076 2779 1
1113 2746 1298 2780 mutata
1321 2740 1352 2776 Σ
1412 2742 1530 2776 muta
1551 2737 1583 2773 Ω

1121 2867 1206 2907 ΕΡ.
1236 2863 1389 2906 LXVI
1421 2863 1584 2919 (Fam.
1611 2859 1653 2902 6.
1685 2860 1762 2917 14)

1061 2979 1081 3005 2
1114 2976 1307 3005 omnem
1333 2964 1370 3000 R
1427 2961 1489 2999 ad
1504 2973 1665 2999 omnem
1691 2958 1781 2998 MG

1113 3023 1204 3061 hac
1250 3019 1474 3071 opinione
1515 3018 1548 3054 Σ
1627 3015 1738 3054 hanc
1780 3015 1860 3064 opi-

1171 3078 1335 3114 nionem
1357 3076 1389 3112 Ω
