2067 3332
149 660 165 687 1

204 182 283 225 174
762 183 1040 223 CICERo’s
1084 185 1372 224 LETTERS.
1744 187 1843 239 [Ep.
1869 189 1940 226 LI.

795 379 889 430 LI.
951 380 1122 448 (Fam.
1157 395 1205 432 2.
1246 381 1350 447 16.)

545 524 605 563 Μ.
648 524 877 564 CICERO
921 526 1043 564 IMP.
1084 526 1125 564 S.
1164 527 1219 564 D.
1259 527 1316 564 M.
1355 526 1596 565 CAELIO.

279 637 487 703 Magno
517 637 705 687 dolore
743 654 832 688 me
873 637 1211 689 adfecissent
1255 646 1381 688 tuae
1424 638 1642 689 litterae
1685 639 1790 690 nisi
1832 639 1939 691 iam

200 735 256 778 et
305 727 445 777 ratio
496 727 615 793 ipsa
655 728 960 794 depulisset
1010 745 1202 779 omnes
1252 728 1534 779 molestias
1584 737 1637 779 et
1682 729 1941 782 diuturna

200 818 589 884 desperatione
643 835 825 868 rerum
882 818 1234 869 obduruisset
1291 819 1506 870 animus
1574 820 1641 870 ad
1696 821 1939 871 dolorem

201 925 418 959 novum.
505 907 616 959 Sed
646 915 833 959 tamen
863 925 1030 975 quare
1060 909 1320 960 acciderit
1352 917 1411 959 ut
1451 927 1517 960 ex
1558 910 1693 960 meis
1737 910 1941 977 superi-

200 999 385 1049 oribus
419 998 621 1050 litteris
655 998 709 1049 id
751 999 1095 1065 suspicarere
1127 1000 1272 1066 quod
1317 1000 1512 1050 scribis
1554 1000 1767 1062 nescio;
1810 1000 1939 1068 quid

201 1089 345 1139 enim
377 1089 430 1138 in
463 1089 566 1139 illis
595 1089 701 1139 fuit
731 1097 951 1155 praeter
982 1090 1261 1156 querelam
1300 1098 1627 1156 temporum,
1660 1107 1799 1157 quae
1828 1108 1938 1141 non

200 1196 383 1229 meum
433 1179 675 1229 animum
725 1179 901 1246 magis
945 1179 1240 1230 sollicitum
1289 1180 1494 1231 habent
1538 1198 1699 1247 quam
1742 1182 1938 1232 tuum?

202 1270 346 1320 Nam
397 1287 507 1320 non
556 1287 676 1320 eam
727 1269 962 1336 cognovi
1011 1270 1184 1320 aciem
1235 1269 1425 1337 ingeni
1480 1271 1575 1331 tui,
1621 1271 1764 1337 quod
1822 1271 1940 1337 ipse

199 1360 430 1420 videam,
453 1368 509 1410 te
540 1360 592 1410 id
621 1367 681 1410 ut
712 1377 824 1410 non
854 1367 1045 1426 putem
1075 1360 1277 1411 videre.
1363 1360 1505 1411 Illud
1534 1361 1716 1422 miror,
1743 1362 1941 1412 adduci

191 1449 447 1516 'potuisse
476 1458 549 1511 te,
582 1450 673 1516 qui
702 1467 790 1500 me
825 1451 1048 1516 penitus
1087 1467 1252 1501 nosse
1283 1451 1529 1512 debereS,
1563 1459 1621 1505 ut
1666 1451 1940 1502 existima-

200 1558 287 1591 res
317 1550 410 1591 aut
441 1558 528 1591 me
557 1549 669 1591 tam
707 1541 1073 1607 improvidum
1103 1541 1194 1608 qui
1229 1541 1297 1592 ab
1328 1541 1567 1592 excitata
1607 1541 1831 1592 fortuna
1872 1542 1939 1592 ad

201 1631 521 1683 inclinatam
562 1639 616 1681 et
659 1648 829 1698 prope
868 1631 1142 1683 iacentem
1172 1631 1556 1693 desciscerem,
1588 1639 1680 1683 aut
1711 1639 1823 1682 tam
1863 1632 1940 1682 in-

200 1729 550 1773 constantem
581 1729 640 1772 ut
672 1722 961 1773 collectam
1002 1721 1235 1789 gratiam
1279 1721 1658 1773 florentissimi
1700 1721 1939 1773 hominis

202 1813 547 1863 effunderem
603 1829 633 1862 a
687 1829 883 1879 meque
940 1812 1058 1878 ipse
1113 1813 1407 1863 deficerem
1464 1820 1534 1874 et,
1579 1813 1724 1879 quod
1780 1811 1938 1863 initio

202 1919 527 1970 semperque
557 1902 693 1969 fugi,
728 1903 873 1954 civili
908 1903 1052 1954 bello
1081 1903 1424 1954 interessem.
1511 1902 1675 1969 Quod
1718 1909 1803 1953 est
1845 1902 1940 1969 igi-

200 2002 290 2044 tur
318 2010 500 2044 meum
534 1993 726 2043 ‘triste
765 1993 1055 2044 consilium
1078 1992 1131 2042 '?
1211 1993 1287 2044 Vt
1319 1992 1658 2044 discederem
1701 1992 1940 2043 fortasse

201 2084 257 2134 in
287 2084 493 2150 aliquas
525 2083 866 2134 solitudines.
954 2082 1119 2133 Nosti
1156 2082 1302 2133 enim
1334 2099 1443 2133 non
1474 2083 1636 2133 modo
1668 2081 1938 2133 stomachi

259 2215 329 2253 LI.
355 2215 533 2260 Cumae,
554 2214 656 2266 May
672 2225 709 2263 4,
730 2225 781 2264 49
800 2224 881 2253 B.C.
919 2213 1025 2253 This

201 2271 236 2309 is
279 2270 467 2309 Cicero’s
508 2270 625 2322 reply
665 2277 710 2308 to
753 2271 830 2320 Ep.
875 2271 922 2308 L.
986 2271 1021 2307 A

201 2326 354 2364 month
385 2325 494 2364 after
525 2325 578 2363 he
606 2332 738 2364 wrote
770 2326 855 2364 this
885 2325 1025 2371 letter,

201 2382 243 2419 in
274 2381 410 2420 which
443 2381 496 2419 he
528 2380 744 2419 disclaims
781 2393 863 2432 any
892 2381 1027 2419 inten-

201 2437 293 2475 tion
315 2437 362 2475 of
392 2436 558 2488 joining
579 2437 651 2475 the
677 2437 949 2486 Pompeians,
971 2436 1025 2475 he

200 2499 266 2531 set
288 2498 363 2530 out
384 2492 454 2530 for
475 2492 548 2530 the
571 2493 687 2530 East.
748 2492 854 2531 This
886 2504 1025 2531 seems

201 2554 246 2586 to
268 2547 321 2586 be
343 2560 367 2585 a
396 2547 522 2585 frank
544 2553 790 2593 statement,
813 2548 1024 2593 however,

201 2603 247 2641 of
269 2603 456 2642 Cicero’s
476 2603 712 2641 intentions
734 2610 777 2641 at
800 2603 872 2641 the
895 2603 1009 2641 time.

260 2670 293 2695 1.
325 2659 447 2697 meis
471 2659 796 2709 superioribus
824 2658 995 2696 litteris
1017 2671 1024 2694 :

201 2713 253 2752 cf.
271 2716 354 2751 tuis
374 2715 535 2758 litteris,
559 2715 636 2764 Ep.
657 2715 703 2752 L.
727 2725 740 2751 1
764 2726 804 2751 n.
821 2736 876 2741 -—
893 2713 1024 2752 solli-

200 2769 347 2808 citum
406 2770 613 2808 habent:
674 2769 747 2807 the
797 2768 1024 2821 analytical

200 2824 378 2863 method
419 2824 466 2862 of
512 2824 700 2873 forming
748 2824 821 2863 the
861 2824 1024 2874 perfect

200 2886 358 2927 tenses,
383 2892 430 2919 as
451 2879 694 2918 illustrated
724 2879 780 2931 by
800 2880 924 2918 lzabeo
944 2880 1024 2917 dic-

198 2941 287 2973 tum
337 2935 406 2973 for
445 2936 551 2980 dixi,
592 2935 729 2973 which
771 2947 890 2973 came
931 2935 1022 2972 into

200 3002 341 3040 vogue
380 2990 422 3027 in
464 2990 548 3028 late
591 2990 716 3028 Latin
758 2989 842 3027 and
878 2990 919 3027 in
951 2989 1024 3027 the

202 3046 421 3083 Romance
479 3046 727 3095 languages,
783 3043 1023 3094 developed

198 3107 275 3138 out
298 3100 344 3138 of
373 3100 478 3139 such
501 3100 818 3138 combinations
840 3113 886 3138 as
908 3099 992 3137 this
1014 3114 1022 3146 ;

1115 2214 1169 2252 cf.
1188 2213 1445 2253 Thielmann
1463 2214 1504 2251 in
1523 2215 1560 2251 A
1568 2215 1653 2252 rclz.
1662 2213 1703 2265 f.
1722 2214 1814 2251 Lat.
1833 2213 1936 2251 Lex.

1118 2270 1175 2307 II.
1201 2280 1277 2321 372
1300 2269 1344 2307 ff.
1407 2269 1488 2308 See
1511 2269 1602 2307 also
1627 2269 1730 2307 Intr.
1753 2268 1807 2316 84
1827 2269 1864 2306 d.
1884 2291 1938 2296 -—

1115 2337 1226 2364 nam
1262 2337 1358 2364 non
1399 2336 1520 2371 eam,
1555 2325 1749 2375 etc.,f0r
1778 2325 1811 2361 l
1833 2324 1938 2362 lzczve

1112 2381 1378 2431 appreciated
1414 2394 1529 2430 your
1565 2381 1834 2430 penetratz'on
1874 2386 1936 2417 too

1112 2438 1211 2474 well
1238 2442 1276 2474 to
1301 2442 1471 2485 suppose
1491 2436 1586 2473 tlzat
1594 2449 1680 2485 you
1702 2436 1752 2472 do
1782 2439 1852 2472 not
1877 2447 1938 2472 see

1112 2492 1229 2529 wlzat
1248 2493 1279 2528 I
1303 2505 1375 2529 see.
1437 2491 1627 2529 Cicero's
1658 2490 1759 2540 high
1792 2502 1936 2540 appre—

1112 2547 1270 2585 ciation
1301 2546 1348 2584 of
1386 2546 1459 2585 the
1490 2546 1679 2597 political
1709 2544 1936 2596 judgment

1112 2601 1197 2640 and
1213 2602 1422 2653 foresight
1438 2601 1485 2639 of
1499 2601 1672 2640 Caelius
1687 2613 1771 2639 was
1785 2600 1934 2638 shown

1112 2656 1166 2709 by
1187 2657 1252 2696 his
1275 2657 1479 2696 selection
1503 2656 1550 2694 of
1580 2656 1668 2694 him
1691 2668 1737 2694 as
1759 2655 1824 2694 his
1845 2667 1936 2705 spe-

1111 2713 1190 2751 cial
1212 2711 1546 2763 correspondent
1568 2712 1609 2749 in
1636 2721 1767 2764 51—50
1784 2720 1866 2748 B.C.
1881 2733 1935 2738 -

1111 2768 1320 2806 hominis
1342 2783 1350 2805 ε
1383 2769 1444 2805 zle.
1471 2768 1673 2806 Caesaris.

1168 2835 1203 2861 2.
1236 2823 1371 2861 triste
1404 2822 1687 2861 consilium:
1726 2820 1824 2859 with
1857 2819 1934 2858 ref-

1111 2891 1261 2917 erence
1283 2877 1491 2930 probably
1509 2884 1553 2915 to
1570 2883 1631 2915 te.
1653 2906 1660 2914 .
1682 2876 1932 2919 .0stena'istz‘,

1112 2934 1187 2984 Ep.
1221 2935 1267 2972 L.
1296 2945 1327 2979 1,
1351 2932 1435 2971 and
1467 2939 1512 2970 to
1543 2938 1661 2970 tuum
1694 2932 1931 2975 consilium,

1110 2996 1203 3034 etc.,
1242 2990 1287 3026 L.
1321 2987 1761 3039 3.—solitudines:
1805 2985 1934 3023 Dola-

1109 3044 1233 3088 bella,
1267 3057 1291 3081 a
1328 3043 1411 3081 few
1441 3043 1581 3081 weeks
1620 3043 1737 3087 later,
1769 3041 1812 3079 in
1854 3041 1931 3090 Ep.

1111 3099 1209 3136 LII.
1233 3111 1268 3150 3,
1292 3104 1490 3148 suggests
1518 3110 1543 3136 a
1563 3097 1723 3136 similar
1752 3096 1933 3147 plan.—
