2067 3332
114 144 228 183 Fam.
250 153 288 193 9.
316 141 398 194 11.]
667 141 947 181 CICERO’S
992 142 1281 181 LETTERS.
1778 140 1859 179 219

111 283 223 336 Sed
252 299 356 333 nec
385 290 514 333 tuae
543 281 693 332 dorni
721 282 1063 348 probabatur
1091 298 1195 334 nec
1238 298 1394 332 meae
1437 288 1703 348 poteram,
1737 297 1854 340 nec,

108 373 154 425 si
197 372 422 440 propius
465 388 648 424 essem
693 371 925 439 uspiam,
971 379 1158 424 tecum
1209 379 1399 423 tamen
1441 387 1657 433 essem;
1714 370 1858 421 idem

108 463 255 515 enirn
286 470 342 514 te
372 462 668 529 impediret
699 479 808 530 quo
844 462 1028 514 minus
1072 479 1291 514 mecum
1335 479 1490 513 esses
1521 462 1668 529 quod
1711 478 1859 512 nunc

107 553 275 605 etiarn
307 552 556 620 impedit.
642 552 785 603 Mihi
814 552 994 605 adhuc
1025 552 1163 603 nihil
1193 553 1346 619 prius
1376 552 1483 603 fuit
1527 552 1629 603 hac
1673 551 1860 602 solitu-

106 643 250 705 dine,
278 660 442 710 quam
466 626 662 695 vereor
691 659 762 694 ne
794 642 1082 710 Philippus
1114 643 1296 704 tollat;
1329 643 1448 693 heri
1471 642 1619 693 enim
1643 641 1860 708 vesperi

105 741 351 786 venerat.
462 733 558 785 Me
614 733 844 800 scriptio
901 740 956 784 et
1018 733 1240 783 litterae
1297 750 1409 783 non
1470 732 1704 794 leniunt,
1763 732 1861 782 sed

107 824 426 876 obturbant.

612 966 894 1018 LXXIII.
958 966 1129 1034 (Fam.
1162 981 1213 1032 9.
1255 967 1360 1033 ΙΙ.)

602 1110 833 1150 CICERO
877 1111 1292 1150 DOLABELLAE
1335 1110 1377 1149 S.

184 1209 290 1261 Vel
321 1226 444 1260 meo
474 1208 649 1276 ipsius
682 1207 914 1259 interitu
944 1208 1165 1259 mallem
1208 1208 1427 1259 litteras
1470 1225 1623 1259 meas
1652 1208 1864 1259 deside-

108 1317 258 1352 rares
289 1317 455 1368 quam
486 1316 550 1350 eo
581 1316 714 1351 casu
738 1316 847 1367 quo
878 1317 1000 1350 sum
1031 1299 1361 1367 gravissime
1384 1298 1667 1361 adflictus;
1698 1315 1863 1366 quem

107 1391 312 1442 ferrern
342 1398 494 1442 certe
523 1390 881 1451 moderatius,
916 1389 963 1441 si
992 1397 1050 1440 te
1079 1389 1343 1441 haberem
1373 1406 1385 1452 ;
1428 1407 1556 1440 narn
1593 1396 1647 1440 et
1686 1389 1862 1440 oratio

108 1489 205 1532 tua
234 1481 478 1548 prudens
509 1488 565 1532 et
603 1497 758 1532 amor
796 1497 929 1548 erga
969 1497 1059 1531 me
1102 1479 1402 1548 singularis
1444 1479 1682 1530 multum
1724 1479 1864 1530 leva-

110 1580 209 1624 ret.
297 1571 410 1624 Sed
439 1571 702 1639 quoniam
731 1571 887 1623 brevi
922 1578 1192 1638 ternpore,
1226 1578 1287 1622 ut
1318 1570 1507 1637 opinio
1538 1578 1729 1621 nostra
1758 1578 1859 1630 est,

111 1671 168 1714 te
211 1680 334 1714 sum
373 1662 610 1724 visurus,
643 1662 722 1713 ita
763 1679 852 1714 me
894 1663 1178 1714 adfectum
1222 1662 1479 1713 offendes
1522 1669 1582 1712 ut
1625 1661 1862 1712 multum

111 1771 143 1805 a
170 1761 227 1805 te
257 1753 466 1820 possim
497 1753 688 1814 iuvari,
714 1770 827 1804 non
851 1770 960 1820 quo
992 1753 1069 1804 ita
1098 1753 1202 1804 sim
1232 1753 1446 1804 fractus
1478 1760 1539 1803 ut
1569 1760 1664 1803 aut
1694 1752 1864 1803 homi-

113 1861 240 1896 nem
271 1861 360 1895 me
391 1861 515 1896 esse
544 1843 752 1895 oblitus
793 1843 896 1895 sim
939 1851 1034 1895 aut
1077 1843 1338 1894 fortunae
1383 1843 1861 1895 succumbendum

118 1978 403 2024 123.—tuae
441 1972 595 2011 dorni:
628 1971 768 2010 where
797 1971 850 2010 he
884 1984 943 2009 re-

115 2027 286 2067 mained
306 2028 376 2066 for
397 2041 422 2067 a
443 2028 565 2067 short
588 2027 689 2066 time
712 2027 824 2066 after
843 2027 944 2066 Tul-

114 2084 207 2123 lia's
241 2083 457 2123 death.—
478 2090 722 2135 poteram:
763 2097 816 2122 sc.
849 2096 943 2121 esse.

114 2140 460 2191 —Philippus:
497 2141 542 2177 L.
570 2139 757 2178 Marcius
791 2138 946 2190 Philip-

114 2208 208 2246 pus,
240 2195 314 2234 the
351 2195 593 2246 stepfather
624 2195 672 2234 of
703 2196 944 2246 Augustus,

116 2250 203 2290 had
233 2263 259 2290 a
279 2251 379 2290 villa
408 2251 450 2289 in
482 2251 555 2290 the
586 2250 944 2302 neighborhood;

116 2306 169 2345 cf.
202 2308 290 2345 Att.
333 2318 392 2344 12.
435 2305 496 2345 18.
538 2307 857 2358 1.—scriptio
899 2313 945 2346 et

115 2362 333 2402 litterae:
384 2369 460 2401 not
504 2363 825 2414 letter-writing‚
867 2362 945 2401 but

117 2418 288 2471 literary
328 2418 459 2456 work.
540 2418 607 2458 Cf.
657 2419 760 2457 Intr.
806 2430 867 2471 51.
892 2442 947 2447 —-

117 2475 402 2514 obturbant:
454 2487 479 2513 a
523 2475 752 2527 colloquial
793 2474 947 2514 substi-

118 2536 210 2569 tute
230 2530 300 2569 for
321 2531 494 2569 turbare
509 2543 527 2577 ,·
560 2530 614 2570 cf.
640 2531 743 2569 Intr.
767 2530 831 2580 78.
895 2531 946 2568 In

117 2585 184 2624 his
205 2586 354 2626 letters
380 2586 492 2639 only,
515 2586 747 2637 according
768 2593 813 2625 to
839 2586 948 2625 Stin-

118 2653 205 2687 ner,
237 2641 391 2681 Cicero
427 2642 586 2680 admits
624 2642 696 2681 the
726 2642 949 2692 following

120 2697 392 2749 compounds
424 2697 471 2736 of
506 2698 578 2736 ob:
621 2699 786 2744 obduro,
811 2698 948 2736 oblan-

116 2765 272 2802 guesco,
295 2754 474 2799 obtendo,
498 2752 582 2791 and
605 2755 810 2793 occalesco.

178 2809 395 2847 LXXIII.
437 2809 531 2848 The
557 2809 655 2847 villa
686 2809 733 2847 of
764 2810 947 2854 Atticus,

119 2871 164 2902 at
208 2865 391 2909 Ficulea,
425 2877 535 2903 soon
577 2865 687 2903 after
720 2866 841 2915 April
884 2877 947 2910 20,

121 2930 172 2971 45
197 2930 278 2958 B.C.
342 2921 473 2971 Upon
498 2920 741 2965 Dolabella,
764 2920 817 2959 cf.
844 2922 948 2958 Intr.

123 2975 184 3026 56.
246 2975 352 3014 This
373 2976 498 3014 letter
518 2975 553 3013 is
578 2976 741 3014 written
765 2977 805 3014 in
829 2976 948 3027 reply

124 3037 167 3068 to
199 3043 224 3068 a
262 3031 389 3070 letter
429 3030 476 3069 of
515 3031 781 3070 condolence
812 3031 949 3069 which

125 3085 353 3125 Dolabella
384 3085 471 3124 had
503 3093 599 3125 sent
631 3093 676 3125 to
710 3087 862 3125 Cicero
893 3099 949 3125 on

1035 1970 1214 2021 hearing
1245 1970 1501 2019 oprullia's
1530 1969 1674 2009 death.
1735 1969 1866 2008 Dola-

1035 2025 1150 2065 bella
1181 2039 1266 2065 was
1299 2032 1343 2064 at
1379 2026 1464 2065 this
1501 2027 1604 2065 time
1639 2026 1681 2063 in
1719 2026 1864 2076 Spain,

1036 2082 1182 2133 acting
1202 2095 1248 2121 as
1270 2082 1468 2121 Caesar’s
1489 2082 1641 2132 legate.

1098 2149 1131 2175 1.
1163 2138 1325 2189 opinio
1361 2145 1550 2177 nostra:
1597 2151 1653 2176 on
1691 2137 1764 2176 the
1801 2151 1867 2176 ex-

1038 2194 1259 2246 pectation
1292 2193 1340 2232 of
1379 2207 1405 2232 a
1436 2193 1622 2232 decisive
1656 2192 1791 2232 battle
1823 2194 1864 2231 in

1041 2250 1187 2301 Spain,
1211 2250 1262 2288 cf.
1289 2251 1338 2288 de
1368 2250 1597 2299 Hispania,
1622 2250 1699 2300 Ep.
1725 2250 1864 2287 LXX.

1038 2317 1061 2357 3
1079 2319 1118 2344 n.
1133 2313 1253 2345 —ut
1276 2334 1286 2345 .
1315 2336 1324 2344 .
1351 2335 1362 2344 .
1385 2305 1538 2345 iuvari
1558 2319 1565 2342 ε
1590 2305 1742 2343 Cicero
1761 2304 1866 2343 does

1036 2368 1113 2400 not
1135 2362 1289 2406 reveal‚
1312 2361 1450 2400 either
1480 2362 1521 2399 in
1554 2360 1639 2399 this
1668 2361 1795 2399 letter
1818 2373 1867 2398 or

1036 2417 1078 2456 in
1099 2418 1165 2456 his
1186 2418 1335 2456 letters
1359 2424 1404 2455 to
1427 2416 1612 2461 Atticus,
1631 2415 1704 2454 the
1725 2415 1867 2454 bitter-

1035 2487 1135 2513 ness
1157 2473 1294 2512 which
1317 2486 1378 2511 we
1407 2471 1566 2512 should
1595 2478 1747 2522 expect
1777 2471 1865 2510 him

1036 2536 1082 2568 to
1102 2529 1186 2568 feel
1210 2542 1267 2567 on
1289 2534 1475 2568 account
1496 2527 1543 2566 of
1563 2527 1637 2566 the
1658 2527 1867 2566 heartless

1036 2585 1122 2624 and
1172 2597 1419 2636 mercenary
1458 2589 1690 2622 treatment
1730 2583 1862 2621 which

1037 2641 1181 2680 Tullia
1208 2640 1294 2679 had
1320 2638 1510 2679 suffered
1532 2644 1577 2678 at
1599 2637 1866 2677 Dolabella's

1036 2696 1203 2746 hands;
1234 2697 1288 2735 cf.
1321 2697 1400 2746 Ep.
1432 2694 1562 2734 LVII
1596 2694 1868 2733 n.—-fortu-

1037 2765 1128 2792 nae
1146 2782 1155 2792 .
1176 2782 1185 2791 .
1207 2782 1216 2791 .
1235 2759 1427 2804 putem:
1450 2751 1491 2790 in
1510 2763 1534 2789 a
1549 2750 1677 2790 letter
1693 2750 1740 2789 of
1760 2763 1868 2802 sym-

1037 2809 1170 2861 pathy
1186 2815 1230 2846 to
1247 2808 1387 2846 Titius
1405 2808 1543 2859 (Fam.
1566 2817 1601 2860 5.
1625 2805 1684 2845 16.
1710 2807 1750 2857 2)
1776 2806 1868 2845 Cic-

1038 2878 1111 2903 ero
1130 2865 1268 2903 writes
1284 2878 1291 2901 :
1314 2870 1375 2901 est
1384 2869 1522 2901 autem
1541 2863 1765 2901 consolatio
1771 2868 1867 2912 per-

1037 2921 1210 2969 vulgata
1228 2920 1395 2970 quidem
1416 2920 1491 2957 illa
1515 2920 1714 2963 maxime,
1737 2931 1864 2969 quam

1037 2982 1199 3025 semper
1219 2977 1264 3012 in
1297 2988 1365 3012 ore
1393 2980 1515 3025 atque
1544 2975 1590 3011 in
1621 2975 1768 3012 animo
1797 2974 1868 3012 lta—

1038 3031 1127 3069 bere
1157 3031 1359 3076 debemus,
1390 3030 1579 3068 hanzines
1609 3043 1682 3067 nos
1713 3035 1762 3067 ut
1788 3042 1869 3068 esse

1037 3086 1362 3125 meminerimus
1391 3098 1436 3124 ea
1465 3086 1549 3135 lege
1566 3091 1686 3124 natos
1713 3091 1762 3122 ut
1788 3098 1868 3122 om-
