2067 3332
80 165 199 205 Fam.
227 161 288 202 16.
313 161 397 215 21.]
647 162 926 203 CICERO’S
970 165 1261 206 LETTERS.
1747 171 1824 212 261

79 305 270 356 dorum
301 319 519 370 semper
548 319 672 354 esse
701 301 863 355 volui.
951 304 1228 371 Quoniam
1260 307 1428 374 igitur
1469 316 1587 360 tum
1631 327 1697 362 ex
1737 329 1826 363 me
1855 334 1880 374 3

78 393 315 455 doluisti,
350 411 499 445 nunc
530 401 590 444 ut
621 393 935 461 duplicetur
974 403 1130 448 tuum
1171 414 1236 448 ex
1267 415 1355 449 me
1385 400 1647 467 gaudium
1676 420 1827 469 prae-

78 485 251 537 stabo,
351 483 613 551 Cratippo
669 501 757 535 me
801 485 940 537 scito
989 504 1100 537 non
1146 495 1206 538 ut
1251 489 1579 557 discipulum
1624 493 1720 543 sed
1765 501 1824 544 ut

76 575 246 627 filium
302 591 424 626 esse
481 575 1032 640 coniunctissimum3
1088 595 1214 629 narn
1272 596 1397 631 cum
1453 582 1614 632 audio
1670 583 1822 635 illum

77 667 328 727 libenter,
374 672 492 716 tum
550 666 715 717 etiam
770 668 1046 735 propriam
1102 669 1222 721 eius
1278 670 1608 723 suavitatem
1663 674 1824 725 vehe-

73 764 290 809 menter
317 756 637 824 amplector.
725 756 861 809 Sum
904 766 1055 810 totos
1094 760 1210 811 dies
1253 777 1378 812 curn
1422 778 1487 812 eo
1530 763 1823 832 noctisque

72 864 472 916 saepenumero
502 855 752 915 partem;
792 865 957 900 exoro
989 850 1134 901 enim
1167 859 1226 902 ut
1268 864 1485 903 nrecum
1516 871 1678 920 quam
1710 873 1822 906 sae-

72 939 292 1008 pissime
348 946 526 990 cenet.
640 939 766 991 Hac
820 940 1140 993 introducta
1195 943 1602 995 consuetudine
1657 963 1822 1013 saepe

72 1030 434 1083 inscientibus
483 1030 645 1082 nobis
702 1038 756 1082 et
813 1032 1147 1084 cenantibus
1203 1034 1436 1101 obrepit,
1490 1035 1820 1104 sublataque

71 1122 367 1174 severitate
394 1121 775 1197 philosophiae
818 1123 1218 1176 humanissime
1260 1125 1547 1177 nobiscum
1590 1127 1816 1180 iocatur.

72 1214 260 1283 Quare
301 1214 371 1265 da
412 1230 634 1281 operam
678 1221 738 1264 ut
782 1213 931 1266 hunc
973 1214 1158 1276 talem,
1200 1223 1310 1266 tarn
1354 1216 1670 1280 iucundum,
1704 1227 1822 1273 tam

70 1304 436 1357 excellentem
479 1305 654 1355 virum
696 1304 884 1357 videas
927 1323 1091 1373 quam
1142 1306 1394 1373 primum.
1501 1308 1643 1359 Nam
1688 1310 1817 1377 quid
1849 1325 1873 1362 4

68 1413 172 1465 ego
220 1395 560 1470 de⁸Bruttio
609 1396 827 1447 dicam?
912 1396 1096 1463 Quem
1147 1397 1299 1448 nullo
1351 1406 1602 1465 tempore
1644 1392 1680 1451 ¹a
1729 1418 1816 1451 me

66 1487 243 1556 patior
284 1487 587 1548 discedere,
635 1487 790 1539 cuius
841 1505 965 1538 cum
1015 1488 1164 1555 frugi
1213 1493 1516 1556 severaque
1559 1498 1644 1541 est
1685 1491 1812 1553 vita,

73 1586 192 1630 tum
241 1579 407 1630 etiam
456 1578 856 1630 iucundissima
899 1580 1206 1641 convicti03
1262 1597 1373 1630 non
1417 1588 1502 1631 est
1546 1581 1692 1632 enim
1735 1600 1814 1633 se-

68 1670 290 1722 iunctus
313 1669 466 1721 iocus
496 1687 526 1720 a
555 1669 858 1736 philologia
881 1677 937 1720 et
962 1670 1240 1722 cotidiana
1262 1669 1576 1735 συζητήσει.
1663 1673 1812 1725 Huic

66 1778 168 1829 ego
197 1760 378 1812 locum
421 1761 475 1811 in
518 1761 767 1827 proximo
812 1761 1050 1812 conduxi
1079 1769 1150 1822 et,
1185 1768 1245 1812 ut
1289 1778 1532 1828 possum,
1567 1779 1634 1813 ex
1674 1764 1812 1815 meis

66 1852 338 1921 angustiis
381 1852 524 1903 illius
569 1859 826 1903 sustento
871 1852 1219 1904 tenuitatem.
1307 1853 1598 1904 Praeterea
1636 1854 1812 1905 decla·
1846 1869 1866 1909 5

63 1943 257 1995 mitare
301 1943 513 1995 Graece
553 1943 698 2009 apud
744 1942 998 1994 Cassium
1042 1943 1296 2006 institui3
1368 1944 1570 1994 Latine
1622 1952 1809 1996 autem

62 2035 536 2102 apud,Bruttium
595 2033 840 2085 exerceri
886 2034 1026 2085 volo
1139 2035 1282 2085 Vtor
1335 2034 1699 2086 familiaribus
1755 2044 1809 2086 et

62 2125 351 2177 cotidianis
386 2125 815 2187 convictoribUS,
849 2142 986 2192 quos
1030 2142 1218 2177 secum
1266 2113 1809 2193 Mytilenis-Cratip-

61 2233 163 2284 pus
200 2217 442 2277 adduxit‚
484 2217 802 2268 hominibus
847 2224 901 2267 et
946 2217 1124 2268 doctis
1168 2224 1222 2266 et
1266 2201 1353 2266 illi
1380 2217 1803 2282 probatissimis,

1033 2373 1069 2410 4.
1108 2362 1296 2401 Bruttio
1319 2376 1325 2398 :
1378 2374 1448 2400 see
1484 2373 1503 2413 5
1538 2374 1577 2399 n.
1600 2386 1655 2391 ——
1676 2363 1806 2402 nullo

977 2424 1223 2468 tempore:
1255 2417 1323 2455 for
1355 2431 1588 2468 numquam
1605 2430 1621 2463 ,·
1653 2418 1705 2456 cf.
1732 2419 1805 2457 lzoc

976 2475 1060 2512 loco
1076 2474 1145 2512 for
1163 2475 1241 2518 llic,
1259 2485 1278 2522 7
1292 2489 1299 2519 ;
1332 2474 1406 2511 lzoc
1422 2479 1602 2523 tempore
1618 2473 1686 2512 for
1701 2476 1803 2521 iam,

977 2531 1062 2568 Att.
1085 2530 1122 2568 8.
1151 2541 1196 2567 12
1221 2540 1258 2567 C.
1283 2540 1318 2580 3.
1382 2529 1804 2579 Suchrperiphrastic

976 2585 1249 2636 expressions
1264 2597 1334 2623 are
1349 2597 1550 2623 common
1566 2585 1606 2623 in
1627 2585 1802 2625 Plautus

975 2641 1060 2680 and
1090 2643 1292 2680 Terence.
1310 2641 1429 2679 —in
1454 2641 1699 2691 proximo:
1734 2641 1803 2680 for

118 2375 154 2416 3.
186 2369 238 2404 ut
256 2363 525 2416 duplicetur
545 2378 553 2402 ε
575 2362 644 2402 for
659 2361 732 2402 the
749 2362 891 2402 classi-

61 2419 125 2458 cal
156 2432 242 2459 acc.
274 2419 359 2458 and
388 2419 506 2458 infin.
529 2419 641 2458 after
666 2425 891 2469 praestare

64 2474 134 2526 (cf.
158 2475 246 2514 Cic.
278 2477 395 2514 Tusc.
428 2477 552 2526 Disp.
588 2485 621 2527 5.
650 2475 734 2526 29).
795 2474 889 2514 The

59 2543 178 2570 same
199 2531 495 2571 construction
517 2531 554 2570 is
579 2531 682 2570 used
704 2530 761 2583 by
780 2532 890 2569 Mar-

60 2587 204 2633 cellus,
242 2588 362 2626 Fam.
395 2599 432 2635 4.
471 2598 531 2625 11.
576 2598 611 2625 2.
674 2586 890 2638 Similarly

58 2641 133 2681 the
150 2643 347 2694 negative
359 2642 472 2681 form
487 2641 534 2681 of
555 2642 627 2681 the
640 2641 887 2693 dependent

58 2698 202 2737 clause
223 2698 334 2737 after
345 2704 570 2749 praestare
598 2698 634 2737 is
656 2697 888 2749 expressed

59 2752 114 2805 by
136 2767 186 2793 ne
207 2754 306 2793 with
329 2755 403 2793 the
433 2753 546 2805 subj.
567 2754 611 2792 in
643 2754 717 2792 the
737 2754 886 2793 letters

59 2809 107 2847 of
124 2809 312 2849 Cicero’s
328 2810 414 2849 less
431 2809 590 2848 careful
608 2809 887 2860 correspond-

60 2871 184 2913 ents;
215 2865 268 2904 cf.
299 2866 416 2904 Cael.
450 2866 570 2903 Fam.
593 2864 630 2903 8.
659 2877 718 2904 10.
746 2875 796 2917 5;
830 2866 884 2903 D.

60 2920 177 2960 Brut.
193 2921 271 2973 Ep.
289 2921 476 2960 XCVII.
505 2932 542 2966 1;
559 2920 606 2959 C.
624 2920 746 2959 Cass.
763 2922 883 2959 Ezm.

64 2987 126 3015 12.
170 2989 230 3029 13.
272 2989 308 3026 4.
327 2999 382 3004 —
405 2976 654 3027 Cratippo:
706 2989 731 3014 a
780 2977 885 3015 cele-

58 3030 210 3071 brated
230 3032 497 3083 Peripatetic‚
512 3031 597 3070 and
615 3044 759 3083 young
775 3033 883 3070 Mar-

59 3087 171 3127 cus's
187 3088 391 3139 principa]
410 3088 642 3126 instructor
662 3087 703 3124 in
725 3087 883 3137 philos-

8 3191 11 3199 ,
60 3143 176 3195 ophy
199 3143 268 3195 (cf.
291 3144 340 3181 de
364 3143 444 3193 Off
471 3153 502 3180 1.
530 3143 582 3193 1).

975 2697 1048 2736 the
1090 2697 1247 2748 phrase
1289 2696 1341 2735 cf.
1385 2697 1480 2734 Ter.
1522 2698 1677 2735 fleant.
1722 2707 1799 2749 54;

976 2754 1074 2792 Hec.
1116 2764 1346 2804 341.——ex
1379 2752 1500 2790 meis
1536 2753 1799 2803 angustiis:

973 2821 998 2847 a
1037 2809 1228 2860 pathetic
1268 2808 1361 2846 hint
1402 2814 1445 2845 at
1485 2820 1538 2846 an
1578 2808 1799 2848 increased

973 2865 1216 2903 allowance.
1276 2864 1370 2902 The
1393 2863 1560 2902 income
1582 2863 1629 2902 of
1655 2877 1800 2916 young

975 2921 1147 2960 Marcus
1171 2933 1255 2958 was
1283 2919 1338 2971 by
1363 2932 1419 2957 no
1449 2932 1597 2959 means
1625 2932 1650 2958 a
1673 2921 1798 2958 small

972 2989 1064 3015 one.
1127 2976 1194 3014 Cf.
1218 2976 1293 3026 Ep.
1320 2976 1528 3013 LXXIV.
1548 2977 1799 3026 zpraestabo

971 3046 1043 3070 nec
1066 3033 1281 3076 Bibulum,
1304 3038 1384 3069 etc.

1029 3099 1061 3139 5.
1098 3087 1337 3133 Cassium,
1361 3086 1604 3125 Bruttium
1626 3101 1633 3123 :
1657 3087 1796 3125 teach-

969 3155 1034 3181 ers
1046 3143 1092 3180 of
1103 3142 1332 3187 elocution,
1345 3148 1420 3180 not
1434 3141 1683 3181 mentioned
1695 3143 1797 3181 else—
