2067 3332
201 189 280 231 154
763 191 1040 231 CICERO'S
1084 191 1372 231 LETTERS.
1640 191 1739 243 [Ep.
1763 193 1932 231 XLIII.

198 331 286 381 Tu
317 330 482 381 etiam
513 338 678 397 atque
707 331 874 382 etiam
910 348 1040 383 cura
1068 340 1127 382 ut
1157 331 1355 392 valeas,
1389 330 1715 398 litterasque
1749 332 1816 381 ad
1845 348 1933 382 me

197 420 387 472 mittas
427 421 925 488 quotienscumque
960 422 1190 473 habebis
1228 422 1315 473 cui
1343 422 1458 473 deS.
1543 421 1726 472 Etiam
1768 429 1934 488 atque

199 510 364 561 etiam
394 511 529 563 vale.
616 512 685 563 D.
718 529 794 578 pr.
832 512 963 562 Idus
996 512 1110 563 Ian.

710 727 928 778 XLIII.
990 727 1159 796 (Fam.
1200 742 1280 791 14.
1320 728 1425 794 14.)

197 871 457 911 TVLLIVS
518 872 879 910 TERENTIAE
941 873 1017 910 ET
1086 873 1286 911 PATER
1345 873 1628 917 TVLLIAE,
1689 871 1932 911 DVABVS

382 949 606 988 ANIMIS
652 950 796 995 SVIS,
840 950 917 988 ET
959 950 1189 988 CICERO
1232 950 1431 988 MATRI
1475 949 1766 996 OPTIMAE,

586 1027 1004 1066 SVAVISSIMAE
1049 1027 1275 1066 SORORI
1320 1027 1362 1066 S.
1406 1028 1450 1065 P.
1492 1028 1546 1065 D.

276 1138 337 1190 Si
365 1155 462 1189 vos
491 1138 705 1200 valetis,
733 1156 834 1189 nos
863 1139 1125 1190 valemus
1209 1139 1473 1190 Vestrum
1504 1139 1610 1189 iarn
1641 1138 1930 1190 consilium

197 1237 299 1290 est,
344 1246 457 1279 non
500 1229 678 1279 solum
721 1245 922 1290 meum,
967 1228 1098 1296 quid
1142 1229 1213 1279 sit
1256 1229 1411 1279 vobis
1454 1229 1786 1281 faciendum.
1875 1228 1933 1280 Si

196 1318 287 1369 ille
320 1320 555 1370 Romam
600 1319 852 1369 modeste
881 1326 1149 1369 venturus
1193 1326 1295 1379 est,
1329 1326 1480 1369 recte
1522 1318 1577 1369 in
1619 1318 1934 1385 praesentia

196 1409 345 1460 domi
375 1426 498 1460 esse
527 1409 788 1475 potestis3
822 1409 907 1459 sin
937 1409 1102 1459 homo
1125 1426 1316 1459 amens
1346 1408 1709 1475 diripiendam
1739 1409 1929 1459 urbem

196 1500 425 1550 daturus
457 1507 557 1560 est,
590 1516 785 1549 vereor
814 1507 873 1549 ut
919 1499 1211 1549 Dolabella
1240 1499 1358 1565 ipse
1401 1498 1535 1549 satis
1577 1498 1737 1550 nobis
1778 1500 1932 1565 prod-

198 1606 322 1640 esse
350 1589 542 1656 possit.
629 1589 813 1639 Etiam
845 1589 978 1639 illud
1009 1597 1212 1649 metuo,
1245 1606 1315 1639 ne
1345 1589 1450 1639 iam
1482 1588 1927 1650 intercludamus,

197 1688 273 1741 ut,
307 1697 431 1730 cum
467 1679 652 1730 velitis
696 1679 858 1740 exire,
892 1696 1003 1729 non
1045 1678 1225 1731 liceat.
1311 1679 1610 1746 Reliquum
1653 1687 1754 1740 est,
1786 1680 1932 1746 quod

196 1769 350 1836 ipsae
379 1769 588 1836 optime
619 1769 1059 1830 considerabitis,
1092 1769 1264 1820 vestri
1294 1769 1500 1820 similes
1530 1769 1772 1820 feminae
1801 1769 1933 1820 sint-

197 1876 266 1910 ne
298 1860 536 1922 Romae;
579 1859 625 1910 si
655 1859 801 1910 enim
832 1876 943 1910 non
974 1867 1120 1920 sunt,
1153 1859 1450 1910 videndum
1481 1867 1565 1910 est
1595 1867 1654 1910 ut
1698 1859 1932 1909 honeste

195 1967 294 2000 vos
326 1966 449 2000 esse
477 1950 719 2016 possitis
782 1949 1075 2017 Quomodo
1107 1950 1330 2016 quidem
1362 1966 1510 2001 nuno
1540 1966 1599 1999 se
1628 1965 1715 2000 res
1745 1949 1928 2010 habet,

197 2040 359 2090 modo
401 2047 461 2090 ut
503 2040 639 2090 haec
681 2040 841 2090 nobis
897 2040 1017 2090 loca
1057 2047 1250 2090 tenere
1294 2040 1471 2101 liceat,
1505 2039 1806 2091 bellissime
1847 2039 1932 2089 vel

197 2146 412 2180 meeum
453 2129 540 2180 vel
582 2129 638 2179 in
679 2129 886 2180 nostris
929 2129 1167 2196 praediis
1213 2146 1336 2180 esse
1377 2130 1648 2196 poteritis,
1746 2129 1930 2180 Etiam

197 2218 329 2269 illud
358 2220 659 2269 verendum
691 2227 792 2280 est,
819 2236 888 2269 ne
918 2219 1071 2270 brevi
1100 2227 1349 2286 tempore
1383 2220 1560 2270 fames
1590 2219 1646 2270 in
1677 2220 1810 2271 urbe
1841 2220 1928 2271 sit.

200 2309 307 2359 His
338 2310 405 2359 de
434 2310 598 2360 rebus
626 2309 790 2359 velim
836 2327 961 2360 cum
1007 2310 1323 2376 PomponiO,
1357 2327 1481 2360 cum
1526 2309 1773 2370 Camillo,
1807 2327 1929 2360 cum

198 2399 397 2465 quibus
426 2399 581 2450 vobis
609 2399 887 2450 videbitur
930 2399 1308 2460 consideretiS,
1342 2400 1410 2450 ad
1449 2417 1718 2450 summam
1749 2399 1930 2450 animo

197 2488 331 2538 forti
385 2489 524 2540 sitis.
638 2490 919 2541 Labienus
976 2506 1091 2540 rem
1148 2489 1429 2540 meliorem
1483 2489 1615 2540 fecit
1647 2507 1657 2551 ;
1712 2489 1929 2539 adiuvat

254 2606 425 2644 XLIII.
496 2606 754 2653 Minturnae,
813 2608 906 2655 Jan.
960 2618 1023 2658 23,
1168 2618 1202 2644 2.
1228 2606 1447 2645 Camillo:
1470 2606 1518 2644 C.
1539 2606 1692 2645 Furius
1710 2605 1930 2650 Camillus,

197 2671 249 2711 49
280 2671 362 2699 B.C.
1110 2662 1256 2711 alega]
1273 2661 1411 2700 friend
1424 2661 1470 2699 of
1487 2661 1708 2700 Cicero.—
1722 2662 1780 2699 ad
1799 2672 1932 2699 sum-

258 2728 288 2753 1.
321 2716 421 2754 ille:
453 2718 513 2755 i.e.
538 2717 843 2756 Caesar.-—ut
878 2717 1023 2756 Dola·
1109 2729 1253 2764 mam,
1276 2719 1321 2754 in
1343 2718 1493 2762 sh07·t,·
1526 2729 1551 2754 a
1579 2716 1776 2767 frequent
1806 2716 1932 2753 collo-

197 2772 320 2810 bella
343 2800 353 2810 .
378 2800 388 2810 .
412 2801 422 2810 .
445 2773 616 2823 possit:
652 2772 891 2817 Dolabella,
925 2773 1022 2810 Tul·
1109 2772 1222 2822 quial
1238 2772 1405 2822 phrase.
1424 2772 1490 2810 Cf.
1503 2773 1622 2810 Fam.
1637 2770 1674 2810 8.
1695 2782 1754 2819 14.
1771 2783 1794 2818 4
1815 2786 1822 2817 3
1841 2772 1928 2808 Aa.

196 2827 287 2864 lia's
310 2827 521 2872 husband,
546 2827 631 2865 had
653 2827 799 2878 joined
823 2827 1020 2865 Caesar's
1113 2838 1171 2875 14.
1200 2839 1230 2864 1.
1260 2838 1300 2873 13
1336 2828 1505 2865 Petron.
1530 2838 1565 2872 2,
1596 2837 1659 2877 37,
1691 2837 1755 2877 45,
1785 2833 1931 2864 etc.—

196 2889 330 2933 party,
354 2882 439 2920 and
462 2882 589 2921 could
621 2883 834 2920 therefore
856 2889 1021 2933 protect
1112 2883 1368 2928 Labienus,
1393 2888 1471 2920 etc.
1492 2896 1499 2918 ε
1528 2881 1579 2919 ef.
1598 2883 1717 2919 Fam.
1746 2881 1804 2919 16.
1826 2892 1884 2918 12.
1903 2892 1927 2927 4

197 2937 400 2975 Terentia
421 2937 505 2975 and
527 2938 667 2975 Tullia
689 2937 799 2975 from
827 2939 859 2976 C
867 2938 1021 2976 aesar's
1111 2938 1303 2988 (Caesar)
1329 2939 1562 2975 maximam
1593 2942 1729 2974 autem
1751 2937 1926 2986 plagam

195 2991 425 3031 followers.
444 3016 497 3020 —
510 2993 656 3031 vestri
677 2993 858 3031 similes
875 3007 882 3029 z
900 2994 959 3030 225.
977 2992 1022 3030 of
1107 2994 1270 3042 accepit,
1289 2993 1402 3043 quod
1419 2993 1452 3028 is
1474 2993 1550 3042 qui
1568 3004 1776 3028 summam
1798 2996 1930 3028 aucto-

197 3059 302 3098 your
332 3047 451 3085 rank.
469 3071 523 3075 ——
540 3048 746 3098 praediis
768 3063 775 3085 :
810 3061 880 3086 see
916 3048 1017 3085 Intr.
1107 3050 1270 3085 ritatem
1289 3049 1335 3084 in
1351 3048 1469 3085 illius
1484 3047 1667 3085 exercitu
1684 3046 1863 3090 habebat,
1885 3045 1927 3082 T.

196 3113 221 3149 4
228 3112 261 3153 5.
1106 3103 1328 3147 Labienus,
1345 3103 1478 3140 socius
1493 3102 1654 3139 sceleris
1674 3114 1756 3139 esse
1773 3101 1927 3143 nolui&
