2067 3332
68 125 185 163 Fam.
208 135 245 172 4.
269 123 326 175 6.]

627 123 906 163 CICERO’S
952 125 1240 165 LETTERS.

1735 129 1816 170 229

68 281 193 314 nam
224 271 279 314 et
315 281 380 314 ea
415 264 685 331 scripsisti
716 281 857 331 quae
900 264 1082 315 levare
1125 265 1339 317 luctum
1381 274 1628 333 possent,
1664 274 1718 317 et
1761 268 1815 318 in

68 371 156 406 me
185 354 524 406 consolando
564 371 675 405 non
719 355 1052 406 mediocrem
1098 356 1213 422 ipse
1255 356 1425 407 animi
1455 357 1699 409 dolorem
1728 359 1816 409 ad-

67 445 311 497 hibuisti.

398 445 625 497 Servius
656 436 841 496 tamen
875 453 1006 496 tuus
1037 447 1296 498 omnibus
1327 447 1537 509 officiis,
1571 466 1710 515 quae
1741 449 1817 499 illi

67 535 305 603 tempori
335 536 504 587 tribui
540 543 858 603 potuerunt,
893 536 1192 587 declaravit
1237 545 1291 587 et
1334 539 1528 605 quanti
1568 539 1686 606 ipse
1727 557 1815 590 me

65 626 275 678 faceret
331 634 386 677 et
436 643 600 694 quam
652 643 813 677 suum
869 626 1226 694 talem-erga
1279 645 1368 679 me
1422 629 1666 680 animum
1715 630 1817 680 tibi

66 724 286 785 gratum
317 725 538 784 putaret
568 717 704 768 fore.

67 825 232 876 saepe
280 808 415 859 mihi
462 808 707 869 fuerunt,
760 825 1062 875 numquam
1118 816 1306 859 tamen
1364 810 1616 876 gratiora.

792 716 967 768 Cuius
1009 716 1190 768 officia
1232 718 1560 770 iucundiora
1602 720 1815 771 scilicet

1722 812 1816 861 Me

67 907 255 951 autem
285 917 396 950 non
427 899 604 950 oratio
634 906 730 950 tua
759 898 939 950 solum
983 906 1038 950 et
1082 899 1320 950 societas
1362 917 1539 966 paene
1581 901 1817 968 aegritu-

67 990 229 1052 dinis,
262 991 361 1041 sed
392 990 559 1041 etiarn
590 989 893 1042 auctoritas
925 990 1276 1053 consolatur;
1320 997 1484 1057 turpe
1514 973 1662 1042 enim
1693 1009 1816 1044 esse

70 1080 327 1133 existimo
373 1098 462 1132 me
507 1098 619 1132 non
666 1081 742 1132 ita
792 1081 939 1132 ferre
995 1098 1184 1132 casum
1241 1098 1427 1132 meum
1483 1090 1543 1132 ut
1599 1090 1676 1143 tu,
1721 1083 1835 1133 tali·

68 1171 342 1240 sapientia
395 1172 696 1240 praeditus,
748 1171 1044 1223 ferendum
1094 1179 1274 1238 putas,

1379 1172 1490 1223 Sed
1539 1173 1819 1239 opprimor

69 1263 348 1315 interdurn
379 1271 434 1314 et
463 1263 553 1314 vix
581 1262 782 1314 resisto
811 1263 1004 1324 dolori,
1036 1263 1182 1330 quod
1228 1280 1291 1314 ea
1331 1280 1420 1313 me
1460 1263 1663 1315 solacia
1692 1265 1818 1316 defi-

70 1353 223 1406 ciunt
280 1371 423 1423 quae
477 1354 696 1415 ceteris,
755 1371 988 1421 quorum
1045 1353 1182 1403 mihi
1239 1353 1491 1420 exempla
1550 1371 1814 1421 proponO,

70 1444 235 1496 simili
265 1445 321 1496 in
350 1445 577 1496 fortuna
605 1462 716 1495 non
748 1445 1066 1496 defuerunt.

1152 1445 1297 1495 Nam
1329 1452 1384 1495 et
1417 1444 1486 1512 Q.
1521 1445 1815 1506 MaximUS,

69 1535 163 1603 qui
205 1535 376 1588 filium
422 1536 788 1597 consularem,
822 1536 1030 1587 clarum
1074 1536 1252 1586 virum
1296 1543 1350 1586 et
1393 1536 1610 1602 magnis
1654 1537 1819 1587 rebus

69 1626 262 1694 gestiS‚
296 1627 498 1688 amisit,
531 1635 587 1678 et
622 1627 682 1678 L.
720 1626 956 1687 Paullus,
990 1627 1083 1693 qui
1112 1627 1220 1677 duo
1263 1634 1481 1692 septem
1520 1627 1730 1687 diebus,
1765 1634 1820 1677 et

68 1725 256 1769 vester
299 1717 487 1779 Galus,
520 1725 575 1769 et
620 1717 696 1769 M.
741 1717 898 1778 Cat0,
931 1717 1026 1784 qui
1069 1734 1286 1768 summo
1330 1717 1571 1784 ingeniO,
1605 1735 1821 1768 summa

68 1808 276 1860 virtute
306 1808 479 1860 filium
508 1808 764 1876 perdidit,
799 1808 864 1859 iis
907 1808 1250 1874 temporibus
1278 1807 1508 1858 fuerunt
1538 1815 1599 1858 ut
1630 1825 1819 1859 eorum

69 1899 282 1951 luctum
329 1899 575 1967 ipsorum
619 1899 861 1966 dignitas
913 1899 1297 1950 consolaretur
1342 1915 1406 1949 ea
1447 1916 1610 1966 quam
1655 1916 1719 1949 ex
1761 1916 1819 1949 re

69 1989 292 2057 publica
345 1991 849 2058 consequebantur.

961 1989 1100 2039 Mihi
1153 1997 1342 2039 autem
1397 1989 1610 2040 amissis
1667 2006 1820 2039 orna·
1853 2013 1874 2040 2

70 2081 274 2132 mentis
305 2081 371 2133 iis
402 2097 543 2149 quae
577 2081 696 2148 ipse
740 2097 1141 2132 commemoras
1171 2096 1422 2147 quaeque
1465 2096 1614 2130 eram
1658 2080 1819 2130 maxi-

70 2199 144 2240 the
175 2213 254 2240 son
287 2199 334 2239 of
366 2199 899 2251 Sulpicius—iucundi-

71 2268 168 2303 ora,
201 2270 315 2296 more
338 2258 590 2306 productiva
619 2256 670 2307 of
682 2257 897 2307 pleasme.

71 2335 126 2340 —
143 2312 366 2364 gratiora,
390 2325 504 2350 more
533 2312 699 2362 worthy
719 2312 772 2363 of
784 2317 900 2361 grat-

70 2369 215 2415 z'tude;
248 2367 300 2407 cf.
323 2369 409 2406 Att.
433 2379 471 2419 3.
495 2379 557 2416 24.
584 2379 604 2405 2
628 2368 706 2405 ista
727 2368 898 2412 veritas,

70 2425 193 2462 etiam
204 2425 243 2462 si
254 2424 442 2462 iucunda
456 2437 538 2461 non
549 2429 619 2469 est,
634 2424 723 2461 milz
729 2424 747 2460 i
757 2429 899 2462 tamen

67 2486 194 2530 grata
211 2485 278 2518 est.
294 2502 349 2507 —
364 2479 592 2518 societas:
615 2479 669 2518 cf.
688 2478 899 2517 Servius's

71 2535 321 2586 expression
354 2535 401 2573 of
430 2535 631 2586 personal
663 2547 826 2573 sorrow
857 2534 899 2572 in

73 2591 151 2642 Ep.
186 2591 368 2630 LXXV.
406 2590 645 2629 1.—mihi
677 2589 901 2640 exempla

73 2658 288 2698 propono
305 2662 313 2686 :
338 2646 489 2698 efisae,
508 2653 602 2693 etc.,
622 2647 700 2697 Ep.
716 2645 900 2684 LXXV.

72 2714 98 2750 4
128 2703 311 2753 n.—Q.
346 2702 619 2741 Maximus:
653 2702 706 2750 Q.
742 2701 902 2740 Fabius

74 2758 305 2804 Maximus,
329 2758 425 2797 who
448 2771 543 2796 won
573 2757 646 2796 the
669 2757 834 2808 epithet
857 2755 904 2795 of

73 2813 313 2853 Cunctator
332 2814 375 2852 in
404 2814 477 2852 the
498 2826 583 2852 war
604 2814 705 2852 with
740 2812 903 2851 Hanni-

71 2867 428 2921 bal.—magnis
452 2871 595 2909 rebus
620 2869 790 2920 gestis:
813 2880 904 2919 par-

73 2925 169 2963 allel
219 2925 320 2964 with
372 2925 565 2965 clarum.
584 2948 638 2953 —
657 2926 711 2963 L.
759 2923 903 2962 Paul-

72 2979 148 3020 lus
170 2995 178 3019 :
231 2982 278 3019 L.
322 2981 534 3019 Aemilius
589 2980 778 3024 Paullus,
831 2979 902 3017 the

74 3047 314 3087 conqueror
339 3036 387 3074 of
420 3037 601 3074 Perseus
631 3035 673 3073 in
710 3034 785 3073 163
819 3043 901 3071 B.C.

73 3113 127 3119 —
146 3098 308 3130 vester
360 3091 509 3131 Galus
531 3105 539 3128 :
591 3091 640 3128 C.
685 3089 902 3140 Sulpicius

992 2198 1128 2237 Galus
1149 2197 1397 2249 conquered
1424 2197 1496 2236 the
1528 2197 1754 2247 Ligurians
1775 2197 1818 2236 in

994 2253 1071 2293 166
1089 2263 1171 2292 B.C.
1234 2254 1304 2292 He
1326 2252 1542 2304 belonged
1564 2259 1610 2292 to
1633 2253 1706 2292 the
1730 2253 1820 2292 Sul-

989 2310 1130 2361 pician
1160 2322 1278 2360 gens,
1310 2309 1445 2348 hence
1485 2310 1818 2348 vester.—M.

993 2367 1143 2405 Cato:
1178 2366 1237 2403 M.
1264 2365 1440 2404 Porcius
1473 2365 1598 2411 Cato,
1625 2365 1699 2403 the
1727 2377 1820 2403 cen-

989 2434 1075 2461 sor.
1136 2422 1205 2460 On
1228 2420 1351 2460 these
1372 2420 1602 2466 instances‚
1620 2420 1673 2459 cf.
1700 2421 1817 2459 Tusc.

990 2478 1114 2527 Dz'sp.
1138 2489 1174 2528 3.
1205 2487 1257 2526 70
1287 2478 1405 2528 quid,
1439 2478 1515 2528 qui
1550 2490 1633 2513 mm
1657 2482 1820 2526 putant

989 2534 1218 2583 lugendum
1262 2533 1370 2571 viris
1387 2533 1406 2571 ?
1463 2533 1603 2582 qualis
1629 2533 1727 2583 fuit
1768 2532 1814 2579 Q.

990 2589 1219 2628 Maximus
1248 2589 1424 2639 cffirens
1445 2587 1596 2638 filium
1633 2588 1820 2631 consula-

991 2658 1093 2689 rem,
1139 2645 1280 2695 qualis
1328 2645 1378 2682 L.
1431 2644 1614 2681 Paullus
1663 2643 1820 2680 duobus

981 2701 1133 2749 paucis
1166 2701 1305 2738 diebus
1333 2701 1503 2737 amissis
1519 2698 1646 2749 filiis,
1679 2699 1820 2748 qualis

992 2757 1053 2794 M.
1082 2757 1182 2795 Cato
1203 2761 1401 2805 praetore
1422 2755 1635 2804 deszgrnato
1655 2759 1820 2790 mortuo

976 2811 1088 2861 filio,
1118 2813 1264 2862 quales
1294 2812 1463 2861 reliqui,
1486 2823 1586 2861 quos
1617 2809 1661 2846 in
1697 2809 1733 2847 C
1742 2822 1764 2845 0
1777 2822 1819 2846 n-

990 2868 1108 2905 sola
1123 2868 1201 2904 tio
1216 2880 1243 2904 n
1258 2879 1277 2904 e
1297 2867 1549 2915 collegimus.
1613 2864 1732 2912 Quid
1748 2864 1821 2902 lzos

989 2923 1116 2960 aliud
1130 2923 1323 2971 placavit
1351 2922 1438 2958 nisi
1462 2920 1577 2971 quod
1602 2921 1760 2958 luctum
1784 2926 1824 2956 et

990 2990 1220 3015 maerorem
1245 2990 1326 3014 esse
1348 2990 1431 3013 non
1448 2976 1661 3025 putabant
1679 2975 1803 3013 viri?

1048 3043 1082 3069 2.
1135 3043 1257 3082 quae
1300 3031 1403 3081 ipse
1446 3041 1819 3069 commemoras:

990 3087 1043 3125 cf.
1079 3088 1156 3136 Ep.
1195 3086 1372 3123 LXXV.
1401 3096 1500 3136 5.—
1521 3097 1670 3124 unum
1704 3085 1817 3124 illud
1879 3081 1882 3082 ⁷
