2067 3332
207 156 287 197 210
772 155 1051 196 CICERO'S
1094 155 1383 194 LETTERS.
1636 155 1735 208 [Ep.
1759 157 1943 196 LXVII.

208 297 413 348 Moriar
468 296 515 347 si
569 303 790 363 praeter
843 303 900 346 te
950 312 1283 362 quemquam
1341 295 1614 362 reliquum
1664 296 1840 347 habeo
1890 297 1945 347 in

205 405 314 454 quo
362 386 572 454 possim
619 386 918 453 imaginem
961 385 1222 452 antiquae
1266 393 1319 436 et
1365 385 1694 437 vernaculae
1738 386 1945 437 festivi-

205 477 337 529 tatis
377 493 698 544 agnoscere.
782 476 874 526 Ad
920 476 1021 527 hos
1063 476 1280 542 lepores
1324 493 1449 527 cum
1492 493 1646 526 amor
1688 493 1818 543 erga
1858 494 1946 527 me

203 575 393 619 tantus
422 568 666 628 accedat,
699 566 915 617 miraris
957 583 1046 617 me
1088 574 1246 617 tanta
1286 565 1706 632 perturbatione
1741 566 1946 618 valetu-

204 658 349 709 dinis
398 666 528 709 tuae
572 666 685 708 tam
736 657 978 724 graviter
1034 656 1406 707 exanimatum
1461 656 1682 707 fuisse?
1782 656 1945 723 Quod

204 757 389 800 autem
419 748 593 799 altera
632 747 872 815 epistula
911 765 1116 814 purgas
1158 754 1215 798 te
1257 764 1368 798 non
1409 747 1781 798 dissuasorem
1811 747 1945 797 mihi

204 838 502 906 emptionis
547 838 952 905 Neapolitanae
1000 837 1190 899 fuisse,
1238 837 1335 888 sed
1377 845 1661 889 auctorem
1703 838 1946 888 modera-

203 930 388 991 tionis,
424 930 648 990 urbane,
682 945 863 996 neque
894 945 996 995 ego
1026 928 1186 979 aliter
1214 927 1427 994 accepi3
1473 927 1721 979 intellexi
1755 935 1944 979 tamen

203 1020 348 1071 idern
397 1021 543 1087 quod
598 1019 697 1075 his,
741 1019 1008 1085 intellego
1057 1018 1274 1080 litteriS,
1328 1035 1437 1068 non
1490 1018 1841 1069 existimasse
1888 1026 1944 1068 te

202 1111 338 1161 mihi
375 1110 541 1161 licere
572 1109 625 1160 id
655 1110 802 1176 quod
832 1126 936 1176 ego
974 1109 1296 1170 arbitrabar,
1330 1125 1418 1159 res
1449 1109 1548 1160 has
1578 1126 1689 1159 non
1718 1108 1943 1159 omnino

203 1201 424 1268 quidem
456 1201 553 1251 sed
582 1217 840 1267 magnam
871 1207 1087 1266 partem
1118 1199 1446 1266 relinquere.
1518 1198 1778 1250 Catulum
1809 1198 1944 1249 mihi

202 1308 391 1342 narras
437 1298 492 1341 et
539 1290 631 1341 illa
674 1298 942 1356 tempora.
1030 1290 1179 1356 Quid
1223 1289 1443 1340 simile?
1492 1306 1562 1340 ne
1604 1289 1682 1339 mi
1722 1289 1942 1356 quidem

201 1381 307 1448 ipsi
348 1389 483 1432 tunc
527 1381 781 1447 placebat
827 1380 1036 1431 diutius
1084 1381 1281 1430 abesse
1330 1380 1398 1430 ab
1447 1379 1526 1429 rei
1570 1397 1619 1446 p.
1667 1379 1942 1442 custodia;

203 1473 532 1523 sedebamus
564 1471 712 1521 enim
748 1470 803 1520 in
843 1470 1014 1537 puppi
1058 1478 1113 1520 et
1152 1470 1366 1521 clavum
1396 1470 1750 1532 tenebamus3
1795 1487 1942 1521 nunc

1250 1560 1345 1610 An
1388 1560 1571 1611 minus
1616 1559 1791 1610 multa
1819 1576 1858 1610 s,
1895 1577 1938 1611 e.

1395 1651 1606 1701 Romae
1650 1667 1775 1701 cum
1819 1667 1939 1700 sum

202 1571 389 1614 autem
419 1562 509 1612 vix
541 1569 626 1612 est
657 1561 713 1611 in
744 1561 967 1612 sentina
994 1560 1164 1612 locus.

201 1653 390 1704 futura
430 1659 610 1718 putaS,
649 1651 695 1702 si
739 1668 842 1718 ego
885 1651 989 1702 sim
1034 1650 1310 1717 Neapoli?

207 1811 239 1837 1.
263 1810 288 1847 4
313 1797 399 1837 and
435 1810 562 1837 10.—
581 1798 784 1836 Crassos
808 1812 816 1835 :
851 1798 898 1835 L.
923 1797 1029 1835 Lici-

201 1854 297 1893 nius
320 1855 512 1899 Crassus,
538 1853 609 1892 the
632 1860 788 1891 orator.
851 1852 917 1891 Cf.
938 1853 1026 1891 Cic.

201 1911 329 1948 Brut.
377 1921 451 1960 143
490 1915 583 1947 erat
620 1922 788 1946 summa
820 1910 1026 1960 gravitas,

201 1971 294 2003 erat
312 1979 403 2003 cum
430 1966 644 2015 gravitate
664 1965 834 2002 iunctus
850 1965 1029 2015 facetia·

204 2034 298 2059 rum
333 2027 372 2058 et
402 2022 659 2059 urbanitatis
688 2021 911 2065 oratorius,
944 2033 1028 2057 non

201 2077 401 2114 scurrilis
416 2078 537 2125 lepos.
551 2099 607 2104 —
620 2075 832 2114 L'aeliosz
859 2075 907 2113 C.
927 2075 1029 2113 Lae-

202 2132 283 2170 lius
317 2131 550 2182 (Sapiens),
573 2131 647 2169 the
669 2130 783 2169 chief
803 2130 1028 2169 interlocu-

203 2193 271 2225 tor
298 2187 340 2225 in
372 2187 445 2225 the
475 2187 524 2224 de
544 2187 763 2232 Amicitia,
786 2185 871 2224 and
901 2185 1029 2223 intro-

204 2241 341 2281 duced
362 2255 409 2280 as
430 2255 455 2280 a
476 2242 660 2292 speaker
689 2242 781 2280 into
803 2241 877 2280 the
898 2242 947 2279 de
968 2243 1030 2279 Re

204 2299 379 2336 Publica
401 2297 485 2335 and
506 2297 578 2336 the
598 2298 647 2335 de
667 2298 894 2335 Senectute.
937 2297 1029 2335 Cic-

204 2365 276 2392 ero
307 2366 404 2404 says
435 2352 481 2391 of
511 2353 599 2390 him
633 2352 699 2404 (de
733 2353 812 2402 Off.
850 2364 881 2390 1.
914 2352 1027 2402 108):

204 2411 251 2447 in
278 2410 320 2447 C.
343 2409 488 2446 Laelio
518 2409 652 2447 multa
684 2408 898 2445 hilaritas.
959 2407 1027 2446 Cf.

204 2465 296 2502 also
338 2464 446 2502 Hor.
479 2465 565 2501 Sat.
600 2475 634 2500 2.
672 2474 704 2500 1.
737 2474 783 2512 71
811 2463 855 2500 ff.
923 2463 962 2501 It
993 2463 1029 2501 is

204 2526 386 2569 strange,
402 2531 448 2557 as
466 2519 688 2557 Manutius
703 2519 918 2564 observes,
935 2518 1029 2556 that

206 2575 358 2613 Cicero
376 2574 482 2612 does
504 2580 580 2612 not
598 2574 640 2612 in
662 2574 747 2612 this
770 2574 1027 2612 connection

205 2630 396 2668 mention
428 2630 477 2668 C.
508 2629 646 2677 Julius
679 2630 839 2668 Caesar
873 2629 1028 2667 Strabo

205 2685 432 2735 Vopiscus,
451 2684 497 2722 of
513 2685 654 2723 whom
676 2685 729 2723 he
752 2684 945 2723 remarks
966 2685 1030 2734 (de

209 2741 286 2790 Off
325 2751 357 2777 1.
394 2740 509 2791 133):
540 2742 626 2779 sale
660 2753 756 2778 vero
791 2746 830 2778 et
855 2741 1029 2791 fizcetiis

209 2798 375 2842 Caesar,
411 2796 556 2834 Catuli
577 2796 720 2845 patris
741 2796 900 2847 fi’atem
933 2796 1031 2832 vicit

204 2865 423 2889 omnes.—
439 2862 613 2889 morlar
635 2862 694 2889 sl:
716 2863 788 2889 see
807 2864 856 2888 ne
871 2863 1028 2894 vivam,

206 2907 282 2957 Ep.
304 2906 378 2944 IV.
395 2917 471 2955 411.
486 2929 540 2934 —
552 2905 852 2952 vernaculae,
870 2907 1029 2950 native,-

205 2961 400 3012 opposed
422 2968 467 3000 to
482 2963 749 3011 peregrinus.

261 3029 296 3067 3.
344 3017 602 3067 emptionis
647 3015 995 3066 Neapolitanae
1020 3028 1028 3052 :

205 3072 304 3109 with
358 3072 572 3110 reference
621 3077 666 3109 to
708 3071 896 3109 Cicero‘s
937 3083 1029 3121 pur-

1115 1796 1243 1835 chase
1266 1796 1313 1834 of
1344 1796 1414 1835 the
1437 1796 1538 1834 villa
1567 1795 1614 1834 of
1647 1795 1855 1843 Selicius;
1886 1795 1939 1834 cf.

1116 1853 1194 1902 Ep.
1220 1853 1336 1890 LXI.
1365 1858 1752 1891 10.—auct0rem
1775 1852 1941 1891 mode-

1115 1908 1343 1946 rationis:
1378 1909 1534 1946 Paetus
1565 1907 1652 1946 had
1682 1906 1940 1958 deprecated

1116 1963 1305 2002 Cicero's
1326 1969 1533 2014 apparent
1554 1976 1742 2014 purpose
1760 1963 1806 2001 of
1827 1963 1940 2002 retir-

1114 2019 1188 2069 ing
1227 2019 1407 2071 entirely
1446 2018 1561 2057 from
1601 2018 1744 2069 public
1784 2018 1941 2056 life.—

1114 2076 1321 2114 urbane:
1376 2088 1429 2112 sc.
1463 2075 1619 2126 fecisti.
1636 2097 1692 2102 -—-
1712 2085 1939 2124 magnam

1114 2137 1300 2181 partem
1320 2145 1328 2169 :
1377 2142 1430 2168 an
1480 2129 1728 2168 attributive
1772 2141 1940 2167 accusa-

1117 2187 1215 2231 tive,
1238 2185 1323 2223 and
1354 2191 1431 2223 not
1454 2184 1526 2223 the
1555 2184 1700 2236 object
1722 2184 1768 2222 of
1799 2185 1940 2223 relin-

1117 2253 1261 2292 quere
1282 2255 1290 2288 ;
1314 2241 1386 2279 the
1403 2240 1652 2279 attributive
1673 2240 1939 2278 accusatives

1118 2310 1318 2347 magnam
1361 2302 1545 2346 partem,
1596 2297 1793 2333 maiorem
1838 2301 1940 2345 par-

1115 2358 1210 2398 tem,
1250 2351 1334 2390 and
1370 2354 1603 2390 maximam
1632 2356 1798 2400 partem
1829 2351 1939 2388 have

1115 2406 1317 2458 acquired
1358 2407 1400 2444 in
1435 2406 1666 2458 colloquial
1708 2406 1834 2444 Latin
1866 2405 1939 2444 the

1114 2462 1231 2501 force
1249 2462 1295 2500 of
1316 2461 1510 2508 adverbs,
1525 2461 1612 2500 and
1628 2474 1689 2500 we
1710 2461 1798 2499 find
1821 2461 1938 2499 them

1114 2518 1359 2569 frequently
1389 2516 1496 2556 used
1525 2529 1573 2556 as
1605 2517 1707 2556 such
1738 2517 1781 2555 in
1819 2517 1938 2555 Plau-

1116 2579 1184 2612 tus
1209 2573 1295 2624 (ἐξ.
1313 2573 1376 2611 M.
1405 2574 1452 2612 G.
1474 2584 1540 2624 94,
1571 2573 1699 2611 Poen.
1721 2583 1813 2623 413,
1837 2571 1935 2622 etc.)

1115 2628 1263 2667 andin
1290 2629 1362 2667 the
1395 2629 1563 2667 Letters
1588 2628 1675 2678 (eg.
1697 2628 1816 2665 Fam.
1839 2627 1876 2665 8.
1901 2638 1936 2677 9.

1116 2684 1172 2736 3).
1187 2708 1242 2712 -
1260 2684 1503 2722 Catulum:
1523 2684 1574 2732 Q.
1593 2683 1793 2721 Lutatius
1812 2682 1939 2720 Catu-

1114 2740 1194 2785 lus,
1217 2740 1368 2777 consul
1401 2740 1442 2777 in
1475 2738 1524 2787 78
1558 2748 1640 2777 B.C.
1664 2737 1749 2776 and
1780 2750 1861 2776 one
1893 2736 1939 2775 of

1116 2795 1189 2833 the
1211 2794 1376 2833 leaders
1399 2794 1445 2832 of
1475 2794 1547 2832 the
1569 2793 1827 2844 aristocracy
1847 2792 1937 2843 just

1116 2850 1227 2888 after
1265 2850 1420 2889 Sulla's
1455 2849 1697 2900 legislation
1734 2848 1819 2886 had
1860 2853 1936 2897 put

1117 2905 1210 2943 that
1228 2911 1351 2956 party
1367 2905 1408 2942 in
1426 2917 1580 2954 power.
1595 2928 1650 2932 --
1662 2915 1936 2952 narras,y0u

1115 2962 1203 2998 talk
1223 2967 1263 2998 to
1287 2973 1351 2998 me
1375 2960 1447 3011 0f,·
1479 2959 1530 2998 cf.
1555 2960 1633 3009 Ep.
1659 2959 1775 2997 LXI.
1791 2970 1811 3007 7
1829 2971 1939 2995 n.—

1117 3016 1199 3054 mi:
1226 3015 1278 3054 cf.
1308 3016 1380 3061 mi,
1411 3015 1488 3065 Ep.
1517 3014 1688 3052 XCIII.
1720 3025 1740 3051 2
1768 3013 1937 3051 n.—in

1115 3071 1280 3121 puppi:
1304 3070 1355 3108 cf.
1370 3070 1566 3108 contraxi
1576 3070 1678 3114 vela,
1696 3069 1773 3118 Ep.
1790 3068 1840 3105 V.
1857 3079 1877 3104 2
1896 3080 1936 3104 n.
