2067 3332
239 180 321 221 304
777 183 1074 224 CRITICAL
1111 186 1446 227 APPENDIX.

267 319 293 359 6
323 332 588 372 proponam
602 327 819 372 proponas
839 325 880 361 *It

265 389 289 429 8
323 403 416 442 quo
440 391 696 444 factosacto
716 392 778 431 M

240 515 326 558 ΕΡ.
355 516 667 559 LXXXVIII
710 517 839 576 (Att.
882 529 950 573 15.
982 520 1061 578 11)

268 632 284 659 1
319 621 627 673 placeretne?
664 623 823 674 Atque
848 624 893 662 M
925 625 1063 674 place-

374 684 490 716 retne
502 678 522 717 ?
534 679 736 725 Placeret,
749 685 872 729 atque
887 680 1062 719 Wesen-

373 733 488 784 berg.
551 734 630 772 See
654 734 971 788 Commentary.

264 800 286 827 2
319 789 501 840 suscipi
544 790 675 828 Orelli
759 792 964 840 suscipere
1013 793 1059 831 M

372 847 619 895 susciperem
645 845 893 885 Gronovius

316 901 438 939 velle
457 901 642 939 Romae
669 913 721 940 se
753 902 935 941 dixerat
964 903 1060 942 We-

372 956 554 1007 senberg
629 958 733 996 velle
770 971 852 995 esse
890 959 1062 998 dixerat

373 1013 420 1050 M
497 1013 600 1050 velle
637 1026 677 1050 se
722 1014 894 1052 dixerat
945 1015 1057 1054 Boot

369 1068 439 1105 vel
455 1069 590 1105 solum
619 1081 667 1106 or
695 1070 764 1107 vel
785 1083 878 1107 cum
909 1072 1056 1110 mortis

360 1125 554 1173 periculo
582 1138 624 1161 se
653 1125 811 1163 Romae
839 1127 944 1165 velle
974 1140 1056 1165 esse

369 1179 539 1218 dixerat
555 1179 778 1218 Lehmann

258 1245 282 1286 3
313 1231 496 1273 δύναται.
550 1234 662 1287 [νῦν]
737 1235 887 1275 Cobet.
969 1239 1057 1276 νῦν

368 1289 602 1329 bracketed
678 1290 770 1330 for
864 1293 1054 1333 metrica]

369 1358 562 1384 reasons.

339 1478 426 1521 ΕΡ.
452 1480 540 1521 XC
567 1481 729 1537 (Fam.
760 1479 827 1523 16.
855 1484 937 1541 21)

258 1594 275 1621 1
311 1584 770 1635 quadragensimum
794 1593 839 1625 et
863 1595 1052 1628 sextum

367 1641 412 1677 M
459 1642 864 1691 quadragensimum
887 1650 1050 1683 sextum

367 1695 520 1741 Baiter,
540 1695 615 1734 but
633 1696 688 1735 cf.
707 1698 844 1745 Neue,
856 1700 1052 1739 Formen-

362 1752 479 1790 lelzre
501 1750 566 1789 112
584 1765 625 1802 p.
649 1752 737 1804 163.
800 1755 932 1804 Upon
953 1769 1052 1806 qua-

363 1807 681 1858 dragensimum
715 1821 787 1848 see
824 1810 1052 1850 Commen-

363 1867 467 1914 tary.

309 1928 366 1955 ex
386 1923 426 1955 et
445 1919 524 1956 *PF

253 1983 275 2010 2
308 1973 425 2012 mihi
459 1985 688 2014 successa
722 1976 768 2014 M
825 1978 937 2016 mihi
964 1992 1050 2018 suc-

361 2042 465 2066 cesse
483 2029 690 2069 Schwabe
730 2031 908 2071 omitted
928 2035 1049 2072 Lam-

360 2083 499 2123 binus.
562 2086 642 2124 See
666 2086 985 2141 Commentary.

251 2150 274 2190 3
306 2139 574 2190 duplicetur
594 2142 722 2179 FHD
763 2144 985 2193 dupliciter
1001 2146 1046 2184 M

305 2206 417 2233 nam
468 2207 578 2235 cum
619 2198 761 2236 audio
808 2200 1047 2239 Lambinus

361 2264 460 2288 nam
484 2265 576 2289 cum
599 2258 639 2290 et
655 2253 781 2291 audio
807 2255 897 2292 MD
945 2269 1043 2294 nam

359 2319 452 2344 cum
494 2313 534 2345 et
562 2310 721 2357 gaudia
764 2309 798 2346 F
870 2325 968 2349 nam
1011 2318 1050 2350 et

358 2375 450 2399 cum
469 2364 628 2412 gaudio
651 2365 693 2402 H
741 2378 841 2404 nam
864 2372 904 2404 et
920 2368 1047 2406 aud-io

248 2482 273 2519 4
304 2471 439 2511 iocus
461 2474 573 2511 lacus
595 2475 676 2513 ΨῈ

251 2537 272 2579 5
307 2528 555 2576 Mytilenis
606 2532 638 2568 Σ
736 2533 950 2582 mitylenis
999 2534 1046 2572 M

359 2585 576 2622 mutilenis
600 2586 640 2622 D
700 2589 908 2627 mitilenes
932 2589 966 2626 F
972 2589 1014 2627 H

249 2647 269 2686 7
307 2638 556 2678 Romanus
591 2641 637 2678 M
689 2655 924 2692 germanus
947 2644 1046 2682 Rib-

359 2693 466 2731 beck

245 2746 270 2785 8
301 2748 620 2842 deMn}a}rIidatis
663 2736 703 2789 D
762 2753 1046 2793 demandastis

318 2941 404 2984 ΕΡ.
432 2943 544 2984 XCI
575 2945 738 3002 (Fam.
770 2958 836 2989 11.
865 2949 946 3005 27)

246 3056 266 3081 2
300 3048 652 3087 communicata
683 3057 794 3089 sunt
838 3052 881 3089 H
939 3066 1042 3090 com-

354 3104 568 3141 municata
589 3106 677 3142 sint
697 3106 790 3144 MD

1185 336 1206 378 5
1237 338 1360 373 sum,
1385 327 1433 366 in
1455 327 1649 379 reliquis
1672 329 1842 370 officio.
1890 333 1978 372 Cui

1293 381 1469 434 Madvig
1526 397 1618 422 sum
1646 386 1692 423 in
1717 388 1816 437 (tuis
1837 387 1977 427 added

1291 437 1346 489 by
1368 438 1427 488 D)
1452 440 1628 490 reliquis
1648 441 1791 491 afficiis
1810 444 1881 481 cui
1899 446 1940 482 Ψ

1179 491 1204 531 6
1235 493 1385 532 multa
1410 494 1499 532 HD
1560 497 1694 534 multo
1715 497 1761 535 M

1179 558 1199 597 7
1233 548 1412 599 liquido
1433 551 1622 601 aliquido
1640 552 1686 590 M
1742 554 1978 604 aliquando

1175 658 1200 697 8
1233 666 1476 710 expertem
1490 663 1679 712 experM
1716 669 1865 714 expers
1883 665 1974 704 HD

1232 779 1318 821 ΕΡ.
1345 780 1487 822 XCII
1517 782 1680 840 (Fam.
1711 795 1778 826 11.
1806 784 1886 843 28)

1175 889 1198 930 3
1230 878 1436 928 fuerunt,
1473 887 1525 920 ut
1567 881 1790 922 timerent
1832 884 1974 923 Baiter

1271 936 1464 987 fuerunt
1477 938 1677 975 timerent
1698 939 1742 976 M
1780 939 1972 990 ficerunt

1283 996 1331 1028 ut
1349 997 1571 1042 sperarent
1593 994 1659 1044 (or
1683 1000 1732 1032 ut
1756 997 1966 1044 cuperent)

1282 1048 1481 1085 timerent
1490 1048 1726 1087 Lehmann.
1752 1050 1834 1089 See
1846 1050 1971 1089 Com-

1282 1109 1492 1155 mentary.

1171 1155 1196 1195 6
1227 1163 1274 1195 at
1305 1157 1444 1197 ludos
1478 1159 1522 1196 H

1281 1214 1402 1251 ludos
1429 1215 1469 1251 D

1226 1274 1274 1307 at
1314 1269 1360 1307 id
1399 1270 1460 1308 ad
1484 1270 1535 1308 id
1562 1271 1608 1309 M
1665 1285 1715 1310 ac
1746 1273 1795 1311 id
1825 1273 1866 1310 D
1924 1279 1972 1312 at

1281 1324 1460 1363 omitted
1486 1326 1529 1364 H

1229 1380 1436 1419 Caesare
1471 1383 1654 1432 petenti
1685 1382 1728 1420 H
1792 1385 1968 1423 Caesare

1281 1439 1482 1486 repetenti
1499 1437 1544 1475 M
1580 1439 1728 1477 Cesari
1741 1445 1906 1490 repente
1923 1441 1964 1478 D

1579 1160 1641 1198 ad
1666 1161 1787 1199 ludos
1820 1162 1866 1200 M
1923 1176 1972 1201 ac

1204 1551 1290 1593 ΕΡ.
1318 1553 1488 1594 XCIII
1519 1555 1681 1612 (Fam.
1712 1555 1780 1599 16.
1808 1556 1889 1616 26)

1171 1661 1186 1688 1
1223 1663 1428 1701 poenam
1454 1646 1582 1691 FHD
1632 1661 1793 1705 ponam
1820 1657 1865 1695 M

1222 1715 1547 1801 coFmIrInIgntata
1571 1711 1617 1749 M
1676 1714 1963 1752 commendata

1226 1873 1311 1916 ΕΡ.
1338 1875 1500 1918 XCIV
1527 1877 1690 1935 (Fam.
1715 1890 1757 1935 9.
1785 1881 1866 1938 24)

1168 1984 1183 2010 1
1219 1985 1296 2011 me
1318 1974 1473 2014 virum
1498 1976 1766 2029 Wesenberg
1822 1993 1959 2018 meum

1276 2029 1370 2067 MH
1422 2043 1487 2069 me
1499 2045 1636 2071 meum
1658 2034 1697 2071 D
1747 2048 1812 2072 me
1825 2048 1959 2074 unum

1275 2084 1418 2123 Baiter
1461 2100 1526 2124 me
1545 2101 1671 2138 quam
1695 2091 1728 2127 Σ
1778 2103 1843 2128 me
1861 2092 1962 2128 ami-

1272 2153 1364 2178 cum
1392 2141 1569 2180 Starker
1607 2157 1745 2182 meum
1763 2147 1958 2184 animum

1274 2195 1404 2234 Klotz

1162 2261 1185 2300 3
1218 2249 1376 2289 iocum
1401 2252 1441 2289 D
1500 2254 1635 2292 locum
1660 2254 1757 2293 MH

1240 2361 1326 2402 ΕΡ.
1351 2362 1485 2404 XCV
1512 2364 1675 2422 (Fam.
1708 2377 1775 2409 12.
1804 2368 1854 2426 5)

1166 2470 1180 2497 1
1217 2471 1387 2510 ageres
1408 2475 1502 2513 ages
1525 2463 1571 2501 M

1163 2526 1183 2552 2
1217 2516 1384 2566 reliqui
1404 2517 1448 2555 M
1482 2519 1693 2569 reliquum
1714 2521 1959 2573 commonly

1270 2571 1440 2621 printed

1216 2627 1275 2664 ad
1300 2628 1477 2666 Forum
1500 2629 1774 2669 Cornelium
1799 2632 1844 2669 M
1901 2632 1961 2670 ad

1258 2682 1410 2732 forum
1439 2684 1629 2723 Cornelii
1652 2686 1742 2724 HD

1216 2745 1515 2787 compararat
1540 2740 1579 2777 D
1624 2746 1841 2790 comparat
1860 2742 1956 2780 MH

1268 2794 1539 2842 comparabat
1565 2795 1736 2835 Ernesti

1207 2902 1293 2943 ΕΡ.
1319 2903 1478 2946 XCVI
1510 2906 1672 2963 (Fam.
1703 2918 1770 2949 10.
1801 2909 1880 2965 12)

1162 3011 1176 3037 1
1214 3002 1446 3051 gratiores
1461 3005 1686 3052 graviores
1706 3007 1747 3043 Ψ

1214 3064 1490 3106 exspectata
1511 3065 1688 3108 spectata
1710 3062 1750 3098 Ψ

1215 3112 1369 3161 quoad
1390 3114 1505 3164 quod
1523 3114 1568 3152 M
1626 3128 1708 3167 quo
1731 3115 1819 3154 HD
