2067 3332
118 168 240 208 Fam.
262 179 300 219 9.
323 167 382 220 8.]
692 167 972 206 CICERO’S
1015 168 1305 208 LETTERS.
1793 175 1875 216 239

119 307 462 359 intellexisse
493 307 626 358 mihi
655 307 914 370 videbar;
958 308 1095 359 mihi
1135 310 1350 377 sumpsi
1383 311 1646 365 Philonis.
1734 314 1873 367 Puto

117 399 235 451 fore
275 406 350 460 ut,
384 402 510 450 cum
553 398 771 466 legeriS,
806 399 1008 450 mirere
1053 417 1155 451 nos
1201 401 1255 451 id
1297 401 1515 454 locutos
1560 420 1683 455 esse
1727 405 1875 457 inter

118 507 218 541 nos
262 490 409 557 quod
454 507 756 557 numquam
814 489 989 541 locuti
1031 508 1259 554 sumus;
1315 493 1413 543 sed
1470 495 1621 545 nosti
1662 513 1871 548 morem

117 581 476 648 dialogorum.
565 581 804 632 Posthac
847 589 1050 644 autem,
1085 582 1160 633 mi
1189 583 1384 645 VarrO,
1418 602 1582 651 quam
1618 585 1868 652 plurima,

118 672 164 724 si
208 672 443 734 videtur,
490 679 545 723 et
592 672 660 723 de
706 672 868 723 nobis
913 672 1061 724 inter
1106 690 1223 735 nos,
1271 691 1395 726 sero
1438 675 1709 739 fortasse3
1775 679 1871 729 sed

118 763 465 831 superiorum
508 771 824 830 temporum
868 763 1095 815 fortuna
1124 765 1204 816 rei
1234 782 1286 832 p.
1321 783 1544 817 causam
1575 768 1868 830 sustineat,

116 854 253 906 haec
297 855 400 922 ipsi
444 862 729 922 praestare
771 855 1059 907 debemus,
1148 855 1344 923 Atque
1398 857 1612 908 utinam
1668 859 1872 926 quietis

116 946 465 1013 temporibus
496 953 664 1013 atque
699 945 900 1013 aliqUO‚
935 946 981 997 si
1026 963 1137 997 non
1180 947 1343 1008 bon0,
1377 955 1432 998 at
1477 947 1673 1000 saltem
1717 958 1870 1001 certo

117 1045 268 1090 statu
293 1037 536 1089 civitatis
567 1037 704 1089 haec
733 1037 882 1088 inter
910 1055 1012 1089 nos
1046 1038 1231 1089 studia
1259 1055 1520 1090 exercere
1550 1042 1871 1106 possemus!

119 1128 469 1196 Quamquam
517 1136 637 1180 tum
684 1129 908 1196 quidem
951 1129 1039 1180 vel
1094 1129 1233 1180 aliae
1276 1130 1569 1197 quaepiam
1625 1131 1871 1183 rationes

116 1220 383 1271 honestas
440 1220 599 1271 nobis
658 1228 713 1271 et
771 1237 931 1271 curas
989 1228 1043 1271 et
1105 1221 1356 1272 actiones
1419 1222 1653 1284 darent3
1722 1240 1872 1275 nunc

116 1318 304 1362 autem
335 1311 465 1379 quid
496 1319 581 1362 est
612 1311 733 1362 sine
777 1311 863 1363 his
909 1329 1006 1363 cur
1034 1312 1221 1363 vivere
1249 1312 1525 1363 velimus?
1572 1313 1711 1363 Mihi
1739 1331 1869 1365 vero

116 1419 242 1454 cum
285 1402 374 1454 his
417 1402 551 1470 ipsis
580 1402 684 1464 vix,
719 1402 805 1454 his
849 1410 1037 1453 autem
1080 1403 1349 1454 detractis
1392 1420 1463 1454 ne
1495 1403 1584 1454 vix
1626 1404 1866 1471 quidem.

117 1492 229 1545 Sed
268 1494 406 1546 haec
449 1511 634 1545 coram
678 1501 733 1545 et
778 1494 1016 1561 saepius,
1103 1494 1499 1561 Migrationem
1544 1502 1599 1545 et
1643 1495 1869 1561 emptio-

115 1601 242 1636 nem
272 1585 513 1637 feliciter
542 1584 766 1636 evenire
794 1585 935 1647 vo10,
968 1593 1239 1653 tuumque
1282 1585 1338 1636 in
1369 1602 1433 1636 ea
1474 1601 1532 1636 re
1574 1586 1866 1637 consilium

114 1676 304 1743 probo,
391 1676 539 1728 Cura
567 1684 628 1727 ut
657 1675 859 1728 valeas,

117 1846 375 1898 Peripatetic
405 1846 617 1897 teaching.
632 1871 688 1875 --
704 1847 921 1886 Philonis
938 1860 946 1884 ε

116 1903 254 1949 Philo,
277 1903 350 1942 the
382 1902 495 1941 head
525 1903 573 1941 of
603 1902 677 1947 the
708 1902 945 1955 Academy,

115 1959 199 1998 fled
238 1959 281 1998 in
320 1958 372 1998 88
416 1969 500 1998 B.C.
531 1959 646 1997 from
688 1959 859 1998 Athens
900 1965 946 1998 to

117 2016 269 2061 Rome,
292 2015 433 2054 where
466 2015 619 2054 Cicero
650 2014 859 2054 attended
880 2014 946 2054 his

114 2071 317 2118 lectures;
350 2071 403 2110 cf.
436 2072 557 2110 Brut.
591 2070 672 2123 306
702 2085 796 2110 cum
821 2072 946 2121 prin-

113 2135 204 2179 ceps
232 2129 487 2167 Academiae
511 2128 640 2166 Plzz'lo
663 2157 671 2165 .
696 2158 704 2166 .
729 2158 736 2166 .
760 2128 941 2166 Romam

113 2184 301 2230 venisset,
324 2189 453 2222 totum
477 2185 516 2222 ei
534 2197 600 2222 me
621 2184 787 2223 tradidi
812 2184 944 2222 admi-

114 2240 243 2277 rabili
292 2241 473 2291 quodam
524 2241 585 2278 ad
627 2240 942 2290 philosophiam

113 2295 252 2333 studio
270 2298 511 2341 concitatus,
534 2298 580 2334 in
611 2309 693 2346 quo
715 2296 789 2334 lzoc
818 2296 942 2334 etiam

112 2352 404 2391 commorabar
450 2353 662 2398 attentius,
712 2353 828 2402 quod
871 2352 950 2390 etsi

112 2420 257 2445 rerum
290 2408 482 2457 ipsarum
506 2408 689 2446 varietas
717 2413 758 2446 et
784 2409 946 2458 magni-

107 2463 206 2500 tua'o
226 2476 393 2500 summa
421 2477 485 2501 me
512 2464 779 2502 delectatione
801 2467 948 2503 retine-

110 2516 189 2562 bat,
212 2522 355 2556 tamen
382 2518 543 2557 sublata
569 2520 655 2556 iam
685 2532 768 2557 esse
788 2519 834 2556 in
847 2524 945 2568 per-

108 2578 278 2623 petuum
303 2574 412 2612 ratio
432 2575 686 2613 iudiciorum
710 2574 942 2612 videbatur.

169 2640 204 2667 2.
239 2629 279 2667 Si
296 2629 509 2669 videtur:
532 2629 585 2668 cf.
608 2631 648 2667 si
665 2630 743 2669 tibi
759 2630 940 2676 videtur,

113 2684 192 2735 Ep.
217 2685 400 2723 LXXV.
423 2697 448 2734 4
470 2699 581 2724 n.—
597 2685 720 2724 inter
742 2698 856 2725 nos:
887 2700 940 2725 sc.

110 2740 344 2791 loquemur.
362 2764 418 2769 —
432 2741 734 2792 superiorum
753 2748 942 2792 tempo-

111 2807 232 2843 rum,
274 2804 369 2835 etc.:
420 2797 493 2836 the
545 2803 657 2836 state
698 2797 745 2835 of
793 2797 940 2848 public

111 2851 258 2890 affairs
287 2852 425 2903 might
454 2852 608 2905 justify
629 2853 740 2892 their
769 2853 943 2905 literary

110 2906 332 2960 inactivity
366 2908 408 2946 in
445 2908 517 2946 the
553 2915 665 2959 past,
702 2908 791 2954 but,
824 2909 942 2948 since

111 2962 213 3015 they
233 2963 376 3002 would
409 2963 519 3002 have
541 2977 598 3002 no
629 2964 753 3003 share
776 2965 818 3003 in
839 2965 944 3015 poli-

111 3018 191 3057 tics
218 3018 262 3056 in
286 3019 360 3058 the
384 3019 544 3067 future,
567 3019 669 3072 they
690 3020 834 3058 would
866 3027 942 3058 not

110 3072 163 3113 be
185 3074 289 3126 kept
309 3074 425 3113 from
447 3075 521 3114 the
542 3076 711 3126 pursuit
733 3075 780 3113 of
805 3076 943 3114 litera-

1034 1853 1140 1886 ture.
1203 1846 1398 1899 Literary
1414 1847 1532 1886 work
1550 1848 1695 1887 would
1716 1848 1760 1888 in
1777 1848 1866 1889 fact

1033 1902 1087 1942 be
1114 1902 1225 1941 their
1251 1903 1354 1956 only
1377 1903 1558 1942 feasible
1590 1904 1864 1955 occupatiori,

1033 1958 1120 1997 and
1150 1958 1302 1997 failure
1335 1965 1380 1997 to
1412 1972 1578 2010 engage
1605 1960 1647 1998 in
1669 1960 1702 1998 it
1724 1961 1865 1999 would

1034 2014 1088 2054 be
1118 2028 1144 2053 a
1174 2015 1427 2054 dereliction
1460 2015 1507 2054 of
1541 2015 1865 2068 duty—haec

1037 2071 1107 2122 (sc.
1149 2071 1354 2122 tempora)
1391 2102 1399 2110 .
1433 2101 1441 2109 .
1475 2101 1483 2109 .
1516 2072 1767 2119 debemuS‚
1797 2073 1866 2110 tlze

1034 2127 1339 2178 responsibility
1358 2128 1440 2179 for
1469 2128 1537 2166 tlte
1566 2133 1743 2177 present
1783 2128 1861 2179 (lit.

1031 2185 1152 2221 times
1181 2184 1266 2222 like
1298 2183 1424 2233 tlzese)
1463 2189 1565 2222 rests
1595 2184 1698 2222 witlz
1730 2197 1792 2222 us.
1810 2208 1866 2212 ——

1032 2239 1192 2290 aliquo
1234 2268 1246 2278 .
1285 2266 1298 2279 .
1342 2268 1354 2279 .
1391 2246 1522 2278 certo
1545 2246 1674 2279 statu
1697 2240 1862 2278 civita-

1032 2295 1095 2334 tis
1112 2309 1119 2332 :
1142 2308 1167 2333 a
1183 2302 1466 2345 government
1483 2294 1727 2334 conducted
1747 2308 1862 2345 upon

1031 2363 1153 2389 some
1164 2350 1277 2389 fixed
1293 2351 1619 2390 constitutional
1630 2351 1863 2402 principles

1032 2412 1075 2445 at
1092 2407 1214 2445 least.
1225 2431 1280 2435 -—
1293 2406 1369 2445 vel
1384 2424 1437 2439 =
1451 2409 1591 2446 etiam.
1606 2431 1662 2435 —
1675 2407 1861 2446 darent:

1032 2462 1240 2514 apodosis
1264 2469 1309 2501 to
1332 2462 1405 2501 the
1427 2462 1650 2501 condition
1672 2463 1716 2500 in
1739 2469 1860 2502 tum.

1029 2530 1212 2558 —cum
1252 2519 1329 2558 his
1370 2518 1490 2570 ipsis
1534 2519 1719 2568 (studiis)
1764 2519 1861 2557 vix:

1030 2588 1081 2612 sc.
1111 2580 1169 2613 est
1197 2589 1276 2614 cur
1296 2576 1438 2613 vivere
1458 2575 1598 2612 velim.
1612 2598 1668 2602 —
1682 2574 1861 2625 migra-

1030 2630 1241 2669 tionem:
1282 2644 1334 2668 sc.
1370 2631 1462 2669 into
1502 2643 1528 2668 a
1560 2630 1696 2668 house
1732 2630 1861 2683 lately

1028 2685 1210 2737 bought.
1233 2710 1288 2715 —-
1310 2686 1513 2724 feliciter
1555 2685 1746 2724 evenire
1767 2699 1774 2723 :
1834 2698 1860 2724 a

1026 2741 1214 2781 formula
1236 2741 1356 2780 often
1388 2741 1493 2780 used
1522 2741 1563 2779 in
1589 2741 1769 2792 wishing
1787 2741 1859 2780 for

1028 2797 1100 2836 the
1122 2797 1267 2849 happy
1283 2803 1484 2836 outcome
1501 2796 1548 2834 of
1568 2810 1593 2835 a
1614 2810 1708 2835 new
1724 2803 1859 2835 enter-

1028 2853 1165 2904 prise;
1217 2853 1269 2891 cf.
1313 2853 1402 2892 Cic.
1427 2859 1512 2903 pro
1541 2853 1662 2890 lllur.
1700 2864 1733 2898 1,
1774 2852 1858 2890 and

1033 2909 1168 2947 I‘laut.
1210 2910 1329 2947 Trin.
1353 2920 1406 2956 40
1436 2922 1559 2954 uxor,
1581 2921 1784 2946 venerare
1813 2914 1862 2946 ut

1030 2965 1145 3003 nobis
1185 2965 1284 3002 llaec
1323 2965 1524 3003 habitatio
1563 2964 1665 3001 bona
1703 2964 1857 3015 fausta

1018 3021 1136 3071 felix
1145 3021 1457 3070 fortunataque
1472 3025 1629 3058 evenat.
1661 3020 1743 3058 See
1764 3019 1857 3058 also

1032 3077 1110 3126 Ep.
1137 3075 1230 3113 XC.
1255 3086 1275 3124 7
1302 3088 1341 3112 n.
