2067 3332
88 164 207 202 Fam.
229 172 267 213 9.
295 161 376 214 15.]
650 158 928 198 CICERo’s
972 159 1262 198 LETTERS.
1759 158 1835 198 211

89 311 144 354 et
176 318 347 369 urgeo
380 302 581 361 forum,
616 318 656 351 S.
690 317 732 351 c.
769 299 1090 350 scribuntur
1132 300 1277 366 apud
1318 307 1622 350 amatorem
1660 306 1834 360 tuum,

87 392 420 445 familiarem
465 408 676 452 meum;
723 397 777 441 et
821 390 1061 457 quidem,
1109 407 1234 441 cum
1278 389 1334 440 in
1377 397 1622 440 mentem
1667 389 1834 451 venit,

88 501 266 552 ponor
300 484 369 534 ad
409 481 765 534 scribendum
806 488 859 531 et
904 487 1034 531 ante
1078 480 1240 531 audio
1271 498 1312 532 s,
1347 498 1390 532 c.
1425 480 1480 531 in
1510 480 1837 531 Armeniam

88 583 144 626 et
178 573 394 643 Syriam
425 586 549 624 esse
578 572 871 639 perlatum,
895 571 1042 638 quod
1066 571 1120 622 in
1152 588 1331 622 meam
1362 571 1701 622 sententiam
1731 571 1839 622 fac-

89 674 207 717 turn
252 682 375 716 esse
418 664 649 724 dicatur,
692 680 856 730 quam
901 662 1128 713 omnino
1174 662 1518 713 mentionem
1563 661 1728 713 ullam
1771 662 1839 712 de

89 774 154 808 ea
183 773 242 807 re
271 773 394 807 esse
423 755 647 806 factam.
732 753 925 821 Atque
967 753 1073 804 hoc
1116 753 1288 803 nolim
1318 769 1406 803 me
1442 753 1608 804 iocari
1650 760 1839 819 putes;

88 865 214 898 nam
249 846 384 897 mihi
415 846 555 897 scito
597 844 704 895 iam
745 862 776 895 a
815 843 1041 911 regibus
1085 843 1296 894 ultimis
1338 843 1549 894 adlatas
1593 860 1715 894 esse
1757 843 1840 893 lit-

89 946 253 999 teraS‚
286 937 489 1005 quibus
524 935 661 987 mihi
695 935 903 1003 gratias
938 942 1105 1002 agant
1138 935 1286 1001 quod
1316 951 1376 985 se
1407 951 1531 985 mea
1559 934 1841 985 sententia

90 1046 251 1097 reges
270 1027 681 1096 appellaverim,
705 1043 845 1094 quos
871 1043 974 1094 ego
998 1043 1110 1076 non
1140 1026 1304 1077 modo
1329 1042 1490 1093 reges
1515 1024 1837 1092 appellatos,

91 1121 188 1172 sed
213 1120 441 1171 omnino
466 1126 629 1170 natos
655 1117 990 1170 nesciebam.
1054 1128 1065 1148 ⁴
1087 1117 1240 1185 Quid
1265 1134 1395 1184 ergo
1421 1115 1561 1168 est?’
1608 1117 1837 1177 Tamen,

91 1210 353 1279 quamdiu
384 1210 472 1262 hic
503 1209 607 1261 erit
637 1216 829 1260 noster
864 1208 953 1260 hic
991 1208 1310 1276 praefectus
1341 1207 1603 1268 moribUS,
1637 1207 1841 1274 parebo

91 1301 413 1354 auctoritati
455 1308 612 1364 tuae;
655 1318 779 1352 cum
824 1317 955 1351 vero
998 1298 1192 1360 aberit,
1226 1299 1295 1350 ad
1335 1299 1541 1366 fungos
1584 1315 1672 1348 me
1713 1305 1840 1349 tuos

91 1393 390 1446 conferam.
477 1393 724 1443 Domum
768 1390 816 1442 si
858 1391 1091 1450 habebO,
1125 1389 1182 1440 in
1223 1390 1397 1441 denos
1433 1389 1550 1440 dies
1591 1388 1840 1456 singulos

93 1483 471 1551 sumptuariae
500 1483 640 1550 legis
677 1483 795 1534 dies
839 1482 1149 1543 conferam;
1193 1481 1279 1532 sin
1317 1488 1504 1532 autem
1544 1480 1726 1530 minus
1765 1479 1842 1530 in-

90 1592 295 1626 venero
345 1575 490 1642 quod
544 1574 774 1641 placeat,
823 1572 1044 1625 decrevi
1101 1571 1355 1623 habitare
1411 1571 1556 1637 apud
1606 1578 1678 1631 te,
1728 1570 1841 1622 scio

93 1667 241 1718 enim
272 1684 360 1718 me
391 1665 530 1717 nihil
561 1665 664 1716 tibi
707 1664 921 1732 gratius
957 1664 1145 1715 facere
1175 1679 1356 1730 posse.
1442 1663 1687 1712 Domum
1722 1661 1842 1713 Sul-

91 1758 275 1809 lanam
324 1757 690 1824 desperabam
741 1756 865 1816 iam,
919 1762 978 1806 ut
1028 1754 1131 1805 tibi
1181 1754 1430 1820 proxime
1479 1752 1691 1819 scripsi,
1744 1753 1841 1803 sed

94 1856 283 1900 tamen
334 1865 446 1899 non
492 1847 684 1899 abieci.
772 1847 859 1897 Tu
908 1845 1090 1907 velim,
1137 1853 1197 1896 ut
1244 1844 1455 1905 scribis,
1502 1861 1628 1895 cum
1669 1842 1841 1894 fabris

1013 1977 1279 2028 experience,
1324 1976 1448 2015 while
1488 1975 1561 2015 the
1601 1975 1842 2014 humorous

1013 2033 1141 2073 effect
1174 2033 1210 2071 is
1239 2031 1504 2083 heightened
1535 2031 1590 2084 by
1612 2031 1684 2070 the
1717 2044 1843 2070 unex-

1011 2088 1167 2141 pected
1196 2089 1312 2127 form
1341 2088 1384 2127 in
1406 2087 1544 2126 which
1577 2087 1649 2126 the
1681 2087 1841 2126 second

148 1993 185 2030 4.
217 1992 367 2033 urgeo
408 1980 596 2021 forum:
643 1978 729 2018 this
764 1992 841 2018 use
877 1978 925 2017 of

93 2050 219 2089 urgeo
247 2037 284 2076 is
325 2036 514 2089 perhaps
542 2035 682 2074 found
723 2035 924 2074 nowhere

92 2093 192 2133 else.
255 2092 337 2139 Cf„
360 2093 573 2139 however,
595 2094 731 2132 altum
760 2104 923 2142 urgere,

95 2150 203 2188 Hor.
241 2150 317 2189 Od.
361 2160 396 2188 2.
437 2160 498 2188 10.
532 2154 923 2187 2.——amatorem

93 2211 230 2245 tuum
252 2219 260 2243 ε
282 2207 344 2244 z'.e.
367 2206 601 2245 Caesarem.
617 2228 672 2231 —
688 2216 841 2255 ponor
862 2203 922 2242 ad

94 2261 431 2301 scribendum:
474 2260 528 2299 cf.
558 2261 686 2310 legem
720 2261 924 2309 conscrip-

92 2323 253 2364 serunt,
278 2318 355 2368 Ep.
380 2317 479 2356 XV.
503 2329 523 2366 7
550 2330 591 2355 n.
652 2315 800 2354 Those
826 2315 923 2353 who

94 2372 178 2412 had
216 2372 447 2413 witnessed
483 2371 568 2411 and
603 2371 755 2423 signed
790 2383 815 2409 a
850 2370 923 2409 bill

94 2441 203 2468 were
254 2428 348 2468 said
397 2429 611 2467 scribendo
655 2428 926 2480 adficisse.—

95 2485 247 2523 seito:
279 2498 350 2524 see
375 2485 454 2536 Ep.
475 2485 533 2522 II.
562 2495 576 2522 1
598 2497 638 2521 n.

154 2552 187 2592 5.
220 2541 332 2592 quid
357 2552 472 2592 ergo
495 2546 586 2579 est:
608 2539 661 2578 cf.
679 2540 789 2592 quid
805 2551 925 2590 quae-

95 2598 169 2642 ris,
203 2597 280 2647 Ep.
315 2597 366 2634 V.
399 2608 424 2645 4
455 2609 494 2634 n.
527 2594 612 2633 and
646 2596 750 2633 Intr.
784 2594 848 2645 98.
871 2617 926 2622 —-

95 2652 388 2703 praefectus:
420 2652 461 2690 in
484 2651 537 2700 46
560 2661 640 2689 B.C.
661 2652 823 2690 Caesar
840 2662 925 2687 was

95 2708 293 2746 invested
315 2707 417 2746 with
439 2707 511 2745 the
533 2707 754 2745 functions
776 2706 822 2744 of
854 2706 925 2743 the

95 2763 348 2814 censorship
381 2762 516 2802 under
547 2763 620 2801 the
650 2775 744 2801 new
766 2762 858 2800 title
881 2760 928 2798 of

86 2820 329 2871 praefectus
361 2832 525 2857 morum
548 2831 562 2863 ‚·
608 2817 660 2857 cf.
686 2818 771 2855 Dio
803 2818 924 2856 Cass.

96 2886 161 2926 43.
203 2887 279 2924 143
323 2875 442 2913 Suet.
480 2875 564 2912 lul.
601 2873 926 2924 76.—parebo

97 2931 371 2970 auctoritati
398 2937 509 2970 tuae
531 2945 539 2968 :
576 2931 637 2968 τῖε.
660 2929 703 2967 in
732 2928 928 2978 advising

98 2998 165 3025 me
197 2994 242 3026 to
275 2987 436 3026 remain
473 2993 516 3024 at
551 2986 702 3024 Rome.
774 2985 927 3023 Cicero

97 3042 256 3092 speaks
288 3055 334 3082 as
367 3042 400 3080 if
438 3041 493 3080 he
529 3054 637 3080 were
679 3040 752 3079 the
793 3039 927 3092 youth

97 3097 183 3136 and
203 3099 360 3136 Paetus
378 3097 450 3136 the
469 3109 567 3135 man
585 3096 631 3134 of
646 3095 824 3134 wisdom
843 3093 928 3133 and

1012 2145 1267 2184 alternative
1292 2145 1327 2183 is
1353 2152 1443 2195 put,
1472 2144 1532 2182 ad
1564 2143 1741 2194 fungos
1765 2155 1841 2181 me

1012 2208 1122 2241 tuos
1154 2199 1688 2250 conferam.—fungos:
1725 2199 1843 2249 high-

1011 2258 1053 2310 ly
1066 2256 1288 2296 esteemed
1304 2256 1359 2308 by
1374 2256 1445 2294 the
1463 2256 1670 2293 Romans.
1734 2255 1842 2292 Hor-

1012 2313 1123 2352 ace’s
1157 2313 1398 2363 Epicurean
1428 2310 1570 2349 friend
1602 2310 1753 2349 Catius
1785 2310 1842 2348 in-

1012 2368 1161 2408 cludes
1179 2369 1298 2407 them
1314 2367 1358 2406 in
1380 2367 1446 2405 his
1463 2367 1534 2405 list
1550 2365 1597 2404 of
1617 2365 1841 2404 delicacies

1015 2425 1120 2476 (Sat.
1146 2436 1180 2462 2.
1204 2436 1240 2472 4.
1266 2424 1354 2473 20);
1386 2423 1439 2461 cf.
1462 2422 1555 2460 also
1577 2423 1696 2460 Fam.
1720 2433 1756 2470 7.
1777 2421 1840 2460 26.

1014 2493 1035 2518 2
1054 2496 1061 2526 ;
1084 2492 1121 2529 9.
1145 2492 1205 2519 10.
1227 2491 1261 2517 2.
1316 2481 1474 2517 Paetus
1493 2476 1635 2516 would
1656 2490 1773 2516 seem
1795 2483 1840 2515 to

1011 2536 1123 2575 have
1144 2536 1253 2574 been
1286 2547 1339 2573 an
1373 2532 1654 2584 experienced
1677 2532 1842 2571 dinner-

1012 2593 1214 2643 giver.—
1235 2592 1463 2630 domum:
1498 2603 1550 2627 sc.
1583 2595 1626 2626 at
1658 2588 1840 2639 Naples;

1013 2648 1065 2686 cf.
1099 2645 1551 2699 3.-—sumptuariae
1583 2644 1736 2695 legis:
1768 2643 1841 2682 the

1013 2702 1295 2754 expenditure
1318 2701 1455 2740 which
1487 2700 1560 2739 the
1590 2706 1843 2752 sumptuary

1012 2760 1116 2798 laws
1142 2757 1323 2797 allowed
1352 2758 1421 2796 for
1452 2769 1534 2795 one
1566 2755 1661 2808 day,
1684 2755 1842 2794 should

1012 2815 1055 2853 in
1098 2814 1287 2853 Cicero’s
1329 2826 1427 2852 case
1467 2811 1614 2851 suffice
1653 2811 1723 2849 for
1757 2818 1840 2850 ten.

1015 2870 1168 2909 Cicero
1192 2870 1226 2909 is
1248 2869 1459 2921 probably
1481 2867 1682 2918 thinking
1702 2867 1750 2905 of
1769 2867 1842 2905 the

1013 2927 1082 2964 lex
1118 2927 1235 2964 Iulia
1275 2926 1543 2975 sumptuaria
1579 2923 1647 2974 (cf.
1683 2923 1840 2973 Lange,

1015 2983 1136 3020 leiim.
1170 2983 1254 3019 All.
1290 2993 1324 3032 3.
1357 2980 1470 3032 450),
1502 2978 1661 3030 passed
1695 2979 1737 3017 in
1770 2978 1842 3017 the

1015 3044 1196 3076 autumn
1228 3036 1274 3074 of
1303 3036 1357 3084 46
1390 3045 1496 3081 13.C.;
1528 3034 1582 3073 cf.
1605 3035 1698 3073 also
1720 3035 1840 3072 [Qun.

1014 3104 1052 3143 9.
1078 3092 1139 3131 26.
1164 3104 1212 3140 4;
1245 3102 1282 3140 7.
1306 3089 1368 3130 26.
