2067 3332
92 141 210 178 Fam.
237 148 270 191 5.
298 137 381 190 12.]
668 137 947 176 CICERO’S
992 137 1282 177 LETTERS.
1792 138 1844 180 77

92 279 240 330 illam
272 279 340 329 de
370 295 477 345 qua
507 276 835 328 suavissime
866 278 1103 344 quodam
1135 277 1191 328 in
1234 277 1517 345 prooemio
1549 278 1841 345 scripsisti,

90 387 122 421 a
163 387 271 437 qua
312 377 369 420 te
413 368 563 420 flecti
606 385 716 445 non
762 367 940 435 magis
989 368 1240 435 potuisse
1283 370 1635 420 demonstras
1679 387 1842 436 quam

94 460 401 512 Herculem
452 459 915 526 Xenophontium
971 459 1124 510 illum
1179 477 1210 511 a
1251 460 1572 528 Voluptate,
1619 477 1756 522 eam,
1801 460 1847 512 si

91 569 179 603 me
221 551 322 602 tibi
354 550 740 602 vehementius
785 551 1211 612 commendabit,
1245 568 1315 602 ne
1357 568 1670 619 aspernere,
1702 568 1846 602 amo-

91 643 244 710 rique
287 650 479 693 nostro
535 641 848 708 plusculum
899 641 1064 692 etiam
1108 659 1270 709 quam
1327 642 1597 694 concedet
1641 642 1845 693 veritas

91 733 337 801 largiare.
427 732 593 799 Quod
624 732 669 783 si
698 740 753 782 te
784 732 1122 784 adducemus
1156 741 1216 784 ut
1261 733 1365 784 hoc
1408 723 1689 800 suspiciaS,
1723 733 1842 793 erit,

92 832 151 875 ut
201 823 334 874 mihi
379 823 702 890 persuadeO,
748 823 1006 874 materies
1056 824 1222 891 digna
1269 823 1538 875 facultate
1587 831 1643 874 et
1693 824 1846 890 copia

91 923 202 966 tua.
286 914 342 964 A
372 914 636 982 principio
669 915 814 966 enim
846 910 1240 966 Coniurationis
1279 932 1455 982 usque
1497 916 1565 966 ad
1608 915 1845 966 reditum
1878 942 1902 978 4

92 1013 344 1056 nostrum
374 1005 592 1056 videtur
621 1005 753 1056 mihi
781 1007 1057 1058 modicum
1088 1007 1362 1073 quoddam
1406 1022 1606 1073 corpus
1650 1006 1848 1057 confici

91 1113 271 1164 posse,
304 1096 359 1146 in
390 1113 498 1164 quo
530 1104 583 1147 et
615 1097 705 1148 illa
733 1098 939 1164 poteris
970 1098 1051 1148 uti
1081 1097 1318 1148 civilium
1350 1097 1845 1149 commutationum

96 1188 327 1239 scientia
354 1189 441 1239 vel
470 1188 525 1239 in
557 1189 892 1256 explicandis
923 1189 1114 1239 causis*
1141 1205 1324 1239 rerum
1367 1205 1634 1239 novarum
1662 1188 1748 1238 vel
1791 1188 1845 1238 in

95 1280 350 1331 remediis
393 1280 883 1341 incommodorum,
917 1297 1041 1331 cum
1086 1287 1140 1330 et
1184 1280 1558 1346 reprehendes
1602 1296 1666 1330 ea
1707 1295 1847 1346 quae

94 1371 456 1438 vituperanda
485 1372 671 1433 duces,
706 1379 761 1422 et
792 1387 933 1438 quae
962 1371 1260 1437 placebunt
1305 1370 1644 1437 exponendis
1688 1370 1846 1420 ratio-

94 1463 254 1514 nibus
286 1462 684 1530 comprobabiS,
719 1470 773 1513 et
803 1461 849 1513 si
878 1462 1118 1522 liberius,
1152 1469 1211 1511 ut
1243 1461 1541 1521 consuesti,
1567 1461 1844 1527 agendum

91 1554 327 1621 putabis,
373 1554 673 1605 multorum
721 1553 776 1604 in
834 1569 935 1604 nos
984 1552 1268 1619 perfidiam
1314 1551 1535 1602 insidias
1589 1551 1845 1618 proditio-

93 1662 219 1695 nem
270 1645 503 1697 notabiS.
606 1644 845 1695 Multam
889 1643 1054 1694 etiam
1099 1660 1257 1694 casus
1303 1641 1480 1693 nostri
1519 1642 1844 1692 varietatem

92 1736 191 1786 tibi
219 1736 273 1786 in
305 1736 598 1788 scribendo
630 1734 1063 1803 suppeditabunt
1095 1734 1314 1801 plenam
1345 1733 1630 1785 cuiusdam
1659 1732 1846 1800 volup-

91 1827 236 1888 tatis,
271 1844 411 1894 quae
439 1814 803 1878 vehementer
832 1826 1044 1877 animos
1074 1825 1360 1875 hominum
1403 1824 1457 1874 in
1501 1824 1754 1890 legendO,
1788 1831 1844 1874 te

93 1918 374 1985 scriptore,
408 1926 601 1969 tenere
631 1917 833 1985 possit3
878 1916 1010 1967 nihil
1044 1923 1128 1967 est
1159 1916 1304 1966 enim
1347 1915 1528 1982 aptius
1570 1915 1638 1965 ad
1668 1914 1844 1966 delec-

91 2008 358 2059 tationem
401 2008 623 2060 lectoris
666 2026 829 2076 quam
873 2015 1185 2074 temporum
1228 2006 1522 2057 varietates
1564 2005 1844 2056 fortunae-

91 2116 198 2165 que
226 2099 649 2150 vicissitudines.
739 2100 898 2166 Quae
929 2098 1035 2149 etsi
1063 2097 1222 2148 nobis
1253 2096 1524 2164 optabiles
1554 2096 1608 2146 in
1639 2096 1843 2162 experi-

91 2190 234 2240 endo
277 2207 388 2240 non
430 2189 676 2251 fuerunt,
714 2190 768 2240 in
812 2189 1050 2257 legendo
1095 2196 1284 2239 tamen
1332 2194 1495 2238 erunt
1542 2186 1838 2247 iucundae;

90 2279 257 2331 habet
289 2281 434 2331 enim
473 2280 757 2348 praeteriti
786 2280 987 2331 doloris
1032 2296 1227 2330 secura
1268 2277 1575 2329 recordatio
1606 2263 1857 2328 delecta-⁸⁴

90 2370 314 2423 tionem.
400 2371 615 2423 Ceteris
643 2389 774 2422 vero
806 2371 955 2422 nulla
984 2369 1293 2438 perfunctis
1323 2368 1541 2435 propria
1569 2367 1838 2428 molestia,
1877 2389 1898 2431 5

1012 2541 1062 2546 —
1084 2515 1349 2555 Herculem
1412 2513 1807 2564 Xenophontium
1831 2527 1839 2551 :

1009 2573 1061 2611 cf.
1087 2574 1196 2611 Xen.
1220 2572 1351 2610 llsem.
1377 2582 1411 2608 2.
1439 2581 1471 2607 1.
1493 2581 1556 2608 21.
1573 2593 1629 2597 —
1645 2569 1841 2620 pluscu-

1008 2629 1125 2668 lum:
1160 2628 1213 2667 cf.
1230 2627 1485 2678 pulchellus,
1511 2626 1589 2676 Ep.
1614 2626 1665 2662 V.
1693 2636 1740 2663 10
1762 2637 1802 2662 n.

90 2528 126 2566 7.
159 2528 223 2569 33.
261 2529 309 2556 10
351 2531 450 2556 nam
493 2532 564 2557 nec
595 2519 772 2557 historia
812 2518 925 2556 debet

89 2574 232 2623 egredi
264 2575 480 2612 veritatem
517 2580 557 2612 et
594 2576 759 2613 honeste
786 2573 921 2625 factis

90 2631 245 2666 veriats
283 2630 446 2680 sufficit.
519 2630 601 2668 But
642 2630 715 2668 the
746 2629 922 2680 prevail-

89 2683 162 2734 ing
193 2684 364 2723 ancient
393 2685 649 2736 conception
682 2685 729 2723 of
759 2685 924 2737 history

90 2752 176 2778 was
207 2752 232 2778 a
252 2740 336 2779 low
357 2753 466 2788 one;
499 2754 571 2780 see
603 2741 754 2790 Quint.
791 2753 851 2780 10.
888 2753 921 2778 1.

90 2806 171 2846 313
206 2796 303 2834 Sen.
328 2797 385 2834 JV.
412 2796 459 2844 Q.
493 2808 529 2845 7.
566 2796 626 2835 16.
662 2808 694 2842 Ι,
720 2809 754 2835 2.
808 2796 922 2835 Both

93 2851 265 2890 Atticus
297 2851 383 2890 and
417 2852 569 2890 Cicero
603 2859 735 2890 wrote
768 2865 821 2890 an
858 2865 922 2891 ac-

89 2914 222 2945 count
263 2907 310 2945 of
355 2907 546 2946 Cicero's
587 2908 837 2958 consulship
878 2908 921 2946 in

91 2962 263 3010 Greek;
310 2963 362 3001 cf.
404 2965 490 3001 Att.
530 2975 564 3001 2.
612 2975 644 3000 1.
683 2975 717 3011 1,
753 2975 864 3001 2.-
894 2975 921 3002 a

90 3029 211 3067 qua:
250 3018 322 3056 the
358 3032 432 3058 use
465 3018 514 3057 of
548 3019 620 3058 the
652 3019 919 3070 preposition

89 3073 232 3112 shows
266 3074 358 3112 that
393 3077 538 3125 gratia
570 3075 605 3113 is
646 3074 919 3125 personified.

1065 2696 1101 2732 4.
1126 2684 1370 2723 modicum
1387 2682 1628 2733 quoddam
1647 2692 1840 2731 corpus:

1009 2746 1159 2790 corpus
1189 2740 1225 2778 is
1256 2752 1310 2777 an
1343 2738 1478 2777 entire
1511 2736 1695 2783 ‘work';
1736 2737 1843 2773 liber

1009 2809 1034 2834 a
1055 2801 1149 2846 part
1173 2795 1386 2846 complete
1408 2794 1451 2832 in
1478 2792 1604 2831 itself.
1623 2816 1677 2820 —
1692 2792 1839 2830 habet

1010 2881 1020 2890 .
1055 2881 1064 2890 .
1101 2881 1110 2889 .
1134 2850 1539 2889 delectationem:
1572 2848 1658 2887 this
1690 2847 1840 2886 recalls

1009 2908 1136 2957 Verg.
1170 2909 1275 2944 Aen.
1303 2918 1336 2943 1.
1366 2917 1442 2957 203
1471 2906 1631 2956 forsan
1667 2910 1706 2941 et
1741 2903 1841 2941 llaec

1008 2965 1106 3001 olim
1138 2963 1378 3000 meminisse
1406 2961 1577 2999 iuvabit.

1068 3029 1100 3070 5.
1146 3018 1318 3056 ceteris
1349 3045 1359 3055 .
1403 3046 1413 3055 .
1456 3045 1465 3054 .
1499 3015 1730 3055 iucunda:
1771 3013 1840 3052 for

1009 3074 1081 3112 the
1113 3074 1358 3118 sentiment,
1379 3072 1434 3111 cf.
1468 3073 1591 3110 Lucr.
1623 3083 1658 3109 2.
1686 3082 1840 3119 1—4.—
