2067 3332
17 152 136 190 Fam.
160 149 197 189 6.
220 149 283 202 6.]
595 147 873 187 CICERO’S
917 147 1207 186 LETTERS.
1688 146 1765 186 201

17 307 88 342 ne
116 307 183 341 ex
212 289 430 340 eventis
460 290 673 356 fingere
702 288 935 339 viderer.
1024 287 1135 338 Sed
1166 295 1354 338 tamen
1385 286 1607 354 plurimi
1637 294 1767 337 sunt

17 389 195 433 testes
240 397 328 431 me
371 387 427 431 et
470 379 644 440 initio,
691 395 762 429 ne
805 378 1174 445 coniungeret
1226 394 1285 429 se
1334 395 1460 429 cum
1511 376 1764 438 Caesare,

18 471 303 522 monuisse
336 469 658 538 Pompeium
690 476 744 520 et
776 476 987 535 postea,
1023 485 1093 519 ne
1125 468 1473 536 seiungeret3
1511 467 1769 519 coniunc-

17 563 171 613 tione
225 561 410 628 frangi
466 568 692 612 senatus
749 576 899 626 opeS,
947 559 1292 610 diiunctione
1348 558 1508 610 civile
1563 558 1766 610 bellum

19 652 246 704 excitari
270 652 541 703 videbam.
603 650 796 717 Atque
821 650 1018 700 utebar
1046 649 1479 700 familiarissime
1511 649 1764 711 Caesare,

21 743 343 810 Pompeium
373 742 647 793 faciebam
679 740 916 808 plurimi,
952 741 1049 791 sed
1086 748 1202 791 erat
1247 757 1431 791 meum
1475 741 1767 792 consilium

20 851 145 886 cum
176 833 337 884 fidele
370 832 649 899 Pompeio,
683 839 802 882 tum
835 831 1076 882 salutare
1106 831 1342 898 utrique.
1431 831 1590 898 Quae
1618 848 1769 898 prae·
1803 850 1824 892 5

18 932 172 976 terea
214 923 549 991 providerim
606 930 929 990 praetereo;
984 922 1113 973 nolo
1162 922 1312 972 enim
1367 922 1516 973 hunc
1558 923 1626 973 de
1681 939 1769 972 me

19 1015 229 1082 optime
283 1014 544 1065 meritum
601 1013 919 1065 existimare
962 1029 1025 1063 ea
1067 1029 1155 1063 me
1198 1012 1444 1063 suasisse
1489 1012 1766 1079 PompeiO,

19 1105 220 1173 quibus
251 1104 344 1156 ille
374 1104 421 1156 si
450 1104 745 1171 paruisset,
780 1111 928 1155 esset
969 1103 1058 1155 hic
1088 1103 1311 1171 quidem
1343 1103 1522 1154 clarus
1554 1103 1608 1153 in
1639 1111 1771 1170 toga

19 1204 75 1247 et
104 1195 382 1263 princepS,
417 1196 514 1246 sed
556 1202 743 1246 tantas
786 1211 937 1261 opes,
970 1202 1205 1262 quantas
1248 1211 1397 1245 nunc
1440 1194 1623 1255 habet,
1656 1211 1768 1244 non

19 1287 267 1338 haberet.
366 1286 629 1337 Eundum
688 1285 743 1336 in
802 1285 1137 1352 Hispaniam
1193 1284 1403 1336 censui.
1502 1284 1667 1351 Quod
1723 1285 1769 1335 si

18 1377 269 1438 fecisset,
304 1376 465 1428 civile
500 1376 706 1427 bellum
750 1375 965 1427 nullum
1008 1375 1237 1426 omnino
1278 1375 1498 1427 fuisset.
1583 1375 1770 1426 Ratio-

20 1484 148 1519 nem
178 1467 369 1518 haberi
399 1467 650 1518 absentis
679 1484 791 1518 non
833 1474 948 1517 tam
991 1466 1237 1534 pugnavi
1278 1474 1338 1517 ut
1381 1466 1574 1517 liceret
1604 1483 1767 1533 quam

22 1566 98 1620 ut,
147 1558 409 1626 quoniam
453 1558 573 1625 ipso
619 1557 849 1609 consule
894 1565 1182 1624 pugnante
1227 1556 1465 1623 populus
1512 1557 1765 1618 iusserat,

21 1649 337 1700 haberetur.
425 1649 609 1700 Causa
653 1656 776 1700 orta
819 1648 951 1700 belli
1001 1656 1102 1700 est.
1190 1648 1340 1715 Quid
1384 1665 1487 1715 ego
1530 1656 1769 1714 praeter-

21 1740 149 1791 misi
179 1748 274 1791 aut
303 1740 641 1791 monitorum
683 1747 777 1790 aut
808 1739 1173 1807 querelarum,
1208 1757 1334 1790 cum
1363 1739 1449 1789 vel
1494 1739 1769 1806 iniquissi-

21 1848 168 1882 mam
211 1847 403 1897 pacem
454 1830 764 1881 iustissimo
813 1829 959 1881 bello
1007 1830 1388 1880 anteferrem?
1476 1829 1642 1880 Victa
1684 1837 1768 1880 est
1800 1840 1826 1880 6

22 1921 325 1972 auctoritas
369 1937 507 1982 mea,
540 1938 652 1971 non
694 1928 809 1971 tam
852 1938 883 1971 a
926 1920 1188 1987 Pompeio
1236 1928 1384 1991 (nam
1428 1920 1473 1970 is
1516 1920 1769 1971 moveba-

21 2047 127 2099 ing)‚
160 2054 385 2087 eto—ne
420 2077 429 2086 .
461 2077 471 2086 .
503 2078 510 2085 .
544 2047 851 2099 seiungeret:

23 2103 75 2142 cf.
118 2105 288 2149 mederi,
328 2105 406 2155 Ep.
446 2104 591 2142 XLII.
627 2115 646 2141 2
680 2117 734 2149 n.,
767 2102 852 2141 and

942 2046 1088 2085 While
1103 2046 1317 2098 retaining
1330 2046 1403 2085 the
1417 2046 1632 2097 province,
1646 2047 1770 2085 Pom-

939 2116 1022 2155 pey
1043 2102 1207 2155 stayed,
1231 2102 1442 2148 however,
1465 2102 1510 2140 in
1534 2102 1658 2154 Italy,
1672 2127 1727 2131 —
1744 2116 1769 2141 a

24 2159 217 2210 Plzz'lzspp.
237 2171 272 2197 2.
293 2171 343 2208 24
361 2173 450 2197 mea
473 2160 550 2198 illa
572 2173 654 2197 vox
675 2165 736 2197 est
755 2166 851 2198 nota

25 2216 200 2254 multis:
253 2221 261 2236 ‘
285 2215 470 2261 Vtinam,
523 2217 709 2265 Pompei,
756 2229 850 2254 cum

29 2272 208 2310 Caesare
242 2273 470 2310 societatem
507 2277 586 2309 aut
615 2284 851 2322 numquam

23 2328 167 2365 coisses
201 2332 278 2364 aut
315 2340 550 2377 numquam
589 2327 838 2366 diremisses.
844 2327 853 2343 ’

23 2382 382 2432 —Pompeium
416 2410 426 2420 .
459 2410 468 2420 .
500 2382 766 2433 .plurirni:
799 2381 852 2421 cf.

24 2438 111 2475 Att
135 2437 173 2476 8.
225 2450 281 2486 ,4
306 2438 490 2488 (written
523 2437 565 2475 in
589 2449 641 2488 49
664 2448 701 2475 Β.
707 2438 763 2484 C.)
787 2451 856 2489 ego

27 2499 113 2544 pro
147 2494 351 2569 ’Pompeio
385 2494 562 2531 lzbenter
600 2507 729 2532 emon
763 2500 855 2544 pos-

25 2562 116 2586 sum
139 2561 154 2594 ,·
182 2549 301 2600 facio
323 2550 471 2599 pluris
502 2562 690 2587 ommum
724 2550 855 2588 lzomz-

26 2618 127 2642 num
154 2606 376 2643 neminem.

84 2670 119 2712 5.
165 2661 322 2700 hunc:
373 2663 434 2699 i.e.
477 2660 724 2700 Caesar.——
745 2661 852 2700 ille:

25 2717 86 2753 i.e.
126 2717 629 2768 Pompey—eundum
671 2717 718 2756 in
764 2717 854 2755 Hi-

28 2772 249 2822 spaniam
273 2772 465 2811 censui:
489 2773 560 2811 the
583 2774 786 2823 province
809 2772 855 2810 of

29 2827 173 2878 Spain,
193 2827 330 2866 which
350 2829 541 2880 Pompey
558 2828 642 2865 had
661 2827 856 2867 received

27 2889 70 2921 at
93 2882 166 2922 the
188 2884 305 2923 close
328 2883 375 2921 of
405 2883 471 2922 his
497 2883 659 2922 second
691 2884 856 2923 consul-

26 2937 136 2990 ship,
167 2939 209 2977 in
255 2949 304 2991 55
346 2948 442 2984 B..‚C
473 2939 543 2977 for
573 2952 598 2977 a
627 2939 778 2990 period
809 2939 857 2978 of

27 2993 110 3033 five
132 3007 270 3047 years,
297 3007 382 3033 was
405 2994 586 3045 granted
610 3001 655 3033 to
678 2995 765 3033 him
786 2995 856 3033 for

28 3049 110 3088 five
142 3063 264 3102 years
295 3051 448 3101 longer
478 3057 522 3089 at
553 3050 626 3089 the
662 3051 777 3089 close
809 3050 856 3089 of

29 3104 94 3143 his
135 3105 248 3144 third
289 3106 555 3156 consulship,
592 3107 634 3144 in
680 3117 852 3158 5213..C

940 2171 1094 2197 course
1125 2158 1172 2196 of
1211 2158 1353 2197 action
1385 2158 1458 2197 the
1488 2158 1694 2210 illegality
1725 2158 1771 2197 of

941 2214 1076 2253 which
1097 2213 1184 2252 laid
1205 2214 1293 2252 him
1316 2227 1429 2265 open
1446 2220 1490 2252 to
1509 2213 1581 2252 the
1600 2214 1769 2253 attacks

942 2270 989 2308 of
1019 2270 1093 2309 the
1116 2270 1396 2317 Caesarians;
1429 2269 1514 2308 and
1538 2269 1703 2315 Cicero,
1726 2270 1768 2308 in

942 2326 1143 2376 advising
1173 2326 1267 2364 that
1303 2327 1494 2377 Pompey
1523 2325 1684 2364 should
1713 2338 1768 2376 go

943 2388 988 2420 to
1013 2382 1159 2433 Spain,
1183 2381 1327 2420 would
1353 2382 1463 2420 have
1494 2380 1603 2419 been
1626 2381 1770 2432 acting

942 2437 985 2476 in
1009 2438 1081 2477 the
1104 2437 1306 2476 interests
1329 2437 1376 2475 of
1397 2437 1616 2488 harmony.
1679 2437 1770 2476 Cic-

942 2506 1016 2532 ero
1038 2493 1248 2545 probably
1269 2506 1377 2544 gave
1400 2493 1472 2531 the
1494 2491 1644 2531 advice
1665 2492 1770 2531 indi-

942 2549 1067 2588 cated
1089 2549 1243 2599 during
1264 2549 1337 2587 the
1359 2549 1549 2599 meeting
1570 2548 1616 2586 of
1649 2550 1771 2587 Pom-

941 2605 1090 2655 peians
1124 2612 1168 2644 at
1206 2606 1369 2656 Capua,
1401 2617 1457 2643 on
1492 2604 1586 2652 Jan.
1621 2614 1686 2656 25,
1717 2615 1770 2655 49

943 2671 1043 2709 B.C.;
1076 2660 1128 2699 cf.
1152 2663 1274 2699 Fam.
1303 2660 1362 2699 16.
1399 2672 1460 2698 12.
1494 2672 1516 2712 3
1549 2660 1650 2698 with
1682 2661 1768 2698 Att.

942 2727 1066 2769 7.15.
1099 2729 1149 2765 23
1181 2717 1234 2755 cf.
1267 2717 1359 2755 also
1382 2717 1465 2754 Aet.
1499 2727 1535 2765 7.
1573 2727 1633 2764 14.
1669 2727 1771 2753 1.—

942 2773 1176 2811 rationem
1201 2772 1415 2811 absentis
1441 2786 1449 2809 :
1481 2771 1555 2810 the
1580 2771 1693 2822 right
1724 2770 1771 2809 of

943 2828 1071 2879 suing
1114 2828 1184 2866 for
1234 2828 1306 2866 the
1357 2827 1607 2877 consulship
1647 2826 1770 2865 while

942 2883 1096 2922 absent
1136 2884 1249 2922 from
1291 2883 1364 2922 the
1404 2883 1501 2935 city.
1569 2883 1649 2921 See
1691 2883 1768 2933 Ep.

944 2940 1089 2977 XLII.
1105 2938 1261 2977 introd.
1278 2945 1398 2986 note3
1422 2939 1514 2977 also
1533 2946 1581 2978 ut
1593 2939 1771 2977 absentis

941 2997 1051 3033 ratio
1067 2996 1302 3040 haberetur,
1322 2995 1400 3045 Ep.
1418 2994 1555 3032 XLV.
1574 3006 1597 3046 3
1616 3007 1670 3040 n.,
1688 2993 1772 3032 and

943 3051 1048 3088 Intr.
1092 3062 1153 3088 21.
1177 3051 1359 3101 —ipso
1405 3050 1601 3089 consule
1649 3062 1772 3101 pug-

941 3113 1085 3144 nante
1108 3120 1115 3143 :
1147 3120 1198 3143 sc.
1226 3107 1430 3156 Pompey.
