2067 3332
196 216 276 256 126
760 219 1037 258 CICERO’S
1080 219 1366 258 LETTERS.
1595 219 1694 272 [Ep.
1719 219 1931 259 XXXIV.

194 364 359 424 atque
394 356 605 408 nuntiis
645 375 874 425 magnas
919 358 1244 409 Parthorum
1281 358 1465 425 copias
1496 367 1550 409 et
1581 359 1830 410 Arabum
1865 360 1931 410 ad

195 447 456 514 oppidum
511 447 885 499 Antiocheam
946 448 1249 499 accessisse
1309 465 1684 515 magnumque
1744 465 1931 499 eorum

195 537 521 604 equitatum,
555 538 648 605 qui
687 538 743 588 in
780 538 1030 589 Ciliciam
1069 538 1378 599 transisset,
1412 539 1479 589 ab
1509 538 1757 605 equitum
1791 556 1934 589 meo-

195 645 316 678 rum
339 628 535 679 turmis
561 636 614 679 et
639 646 669 679 a
692 628 919 679 cohorte
943 628 1231 694 praetoria,
1260 645 1400 695 quae
1424 636 1541 678 erat
1573 628 1934 695 Epiphaneae

195 718 433 785 praesidi
457 736 637 779 causa,
665 718 950 770 occidione
980 718 1241 769 occisum.
1315 718 1516 785 Quare,
1544 736 1666 770 cum
1689 718 1932 769 viderem

194 825 225 858 a
269 807 617 874 Cappadocia
660 809 985 859 Parthorum
1041 808 1226 874 copias
1275 824 1495 858 aversas
1546 825 1656 858 non
1697 807 1862 875 longe
1904 825 1934 859 a

199 895 401 946 finibus
451 912 574 946 esse
624 895 865 956 Ciliciae,
915 913 1078 962 quam
1128 896 1285 962 potui
1340 896 1591 947 maximis
1642 897 1930 947 itineribus

198 986 266 1036 ad
316 985 597 1036 Amanum
648 986 948 1036 exercitum
999 986 1145 1038 duxi.
1238 985 1365 1052 Quo
1414 993 1472 1036 ut
1521 987 1663 1047 veni,
1712 986 1930 1037 hostem

199 1077 266 1126 ab
327 1075 647 1126 Antiochea
709 1076 1022 1135 recessisse,
1083 1075 1340 1126 Bibulum
1405 1075 1753 1127 Antiocheae
1811 1093 1932 1127 esse

200 1165 451 1233 cognovi.
536 1165 860 1216 Deiotarum
902 1165 1198 1216 confestim
1239 1166 1344 1216 iam
1383 1166 1450 1216 ad
1488 1184 1576 1217 me
1613 1167 1929 1218 venientem

201 1274 324 1307 cum
355 1273 556 1322 magno
587 1263 640 1305 et
671 1256 829 1305 firmo
860 1255 1109 1322 equitatu
1140 1263 1193 1306 et
1224 1255 1475 1322 peditatu
1516 1263 1570 1306 et
1608 1274 1733 1308 cum
1764 1257 1932 1307 omni-

199 1346 303 1397 bus
327 1345 440 1396 suis
465 1345 638 1411 copiis
663 1344 954 1395 certiorem
977 1344 1087 1395 feci
1116 1361 1226 1395 non
1249 1344 1422 1395 videri
1445 1362 1568 1396 esse
1591 1363 1809 1397 causam
1835 1364 1932 1398 cur

201 1434 424 1484 abesset
453 1450 485 1483 a
513 1449 700 1499 regno,
734 1449 933 1498 meque
962 1433 1029 1482 ad
1059 1449 1200 1492 eum,
1235 1432 1280 1482 si
1310 1432 1440 1498 quid
1470 1431 1599 1482 novi
1626 1432 1773 1482 forte
1801 1431 1937 1483 acci-

203 1523 392 1584 disset,
420 1522 609 1573 statim
632 1522 846 1573 litteras
872 1522 1211 1588 nuntiosque
1241 1522 1540 1572 missurum
1566 1538 1701 1573 esse.
1776 1521 1937 1573 Cum-

203 1630 309 1679 que
358 1630 422 1663 eo
470 1613 654 1663 animo
702 1612 981 1663 venissem
1025 1620 1084 1662 ut
1127 1611 1348 1678 utrique
1397 1612 1726 1678 provinciae,
1773 1612 1818 1662 si
1861 1612 1937 1663 ita

203 1711 423 1769 tempus
451 1703 638 1763 ferret,
672 1703 1041 1763 subvenirem,
1069 1710 1187 1753 tum
1217 1703 1269 1753 id
1299 1704 1444 1769 quod
1474 1703 1580 1753 iam
1610 1710 1739 1753 ante
1769 1710 1938 1753 statu-

205 1811 352 1844 eram
375 1794 735 1844 vehementer
765 1793 1036 1843 interesse
1067 1793 1354 1860 utriusque
1385 1793 1714 1860 provinciae,
1741 1809 1936 1860 pacare

259 1973 295 2011 7.
314 1962 557 2000 occidione
577 1962 810 2000 occisum:
833 1961 1027 2011 thefigu-

204 2031 252 2055 ra
291 2019 567 2067 etymologica,
608 2018 669 2054 i.e.
712 2017 784 2055 the
829 2016 1027 2066 bringing

203 2072 402 2122 together
437 2073 483 2110 of
518 2079 601 2110 two
633 2072 772 2110 words
808 2072 921 2109 from
953 2072 1025 2110 the

203 2141 320 2167 same
342 2134 465 2173 stem,
489 2127 624 2166 which
647 2140 718 2166 are
748 2128 908 2178 closely
929 2140 1026 2165 con-

204 2182 358 2222 nected
406 2183 602 2235 logically
651 2182 736 2221 and
784 2182 1026 2233 grammati-

203 2240 322 2291 cally‚
345 2251 429 2277 was
452 2252 477 2277 a
496 2239 679 2277 favorite
701 2238 847 2277 device
872 2238 913 2276 in
946 2238 1026 2276 col-

202 2295 364 2345 loquial
388 2295 527 2332 Latin.
579 2294 644 2332 Cf.
663 2307 733 2345 eg.
751 2294 864 2332 from
889 2294 1024 2331 Plaut.

204 2351 382 2388 Pseud:
413 2351 562 2387 misere
583 2351 722 2395 miser,
750 2361 815 2401 133
846 2350 946 2387 ludo
965 2349 1027 2386 lu-

203 2407 309 2451 dere,
328 2417 395 2453 243
427 2407 583 2444 cursim
606 2418 787 2450 currere,
811 2403 907 2456 3583
939 2417 1028 2442 con-

202 2462 399 2499 dimentis
428 2462 608 2505 condire,
631 2459 724 2499 820.
785 2460 878 2498 The
909 2472 1026 2498 same

204 2516 336 2566 figure
367 2516 401 2554 is
433 2528 633 2554 common
665 2516 707 2553 in
739 2515 812 2553 the
844 2516 1026 2560 Letters‚

202 2584 275 2621 eg.
291 2572 440 2609 solacio
459 2572 738 2615 consolamur,
759 2572 845 2609 Aa.
868 2583 905 2618 4.
928 2569 964 2609 6.
988 2581 1025 2615 1;

202 2628 336 2678 filcile
352 2626 503 2678 facies,
535 2627 654 2663 Fczm.
678 2637 713 2676 3.
738 2637 773 2676 9.
812 2637 847 2673 1;
883 2627 1030 2664 amavi

203 2695 385 2720 amorem
403 2687 535 2726 tuum,
549 2681 625 2731 Ep.
645 2682 763 2719 LXI.
783 2692 820 2728 13
845 2687 892 2718 ut
901 2694 1023 2718 suum

197 2738 403 2787 gaudium
426 2738 720 2786 gauderemus,
745 2736 876 2781 Cael.,
906 2737 1024 2773 Fam.

202 2792 239 2830 8.
269 2804 302 2829 2.
331 2803 362 2829 1.
426 2792 506 2830 See
537 2792 628 2830 also
659 2793 796 2841 copias
825 2792 1027 2829 occidione

202 2848 404 2892 occiderit,
437 2847 551 2884 Plcil.
584 2858 641 2894 14.
672 2846 910 2897 36.—qu0
944 2875 953 2884 .
979 2875 988 2884 .
1015 2875 1024 2884 .

203 2902 494 2941 recessisse:
536 2902 608 2940 the
651 2902 789 2939 writer
835 2901 1026 2953 skilfully

203 2970 388 3009 conveys
425 2957 497 2995 the
536 2957 790 3007 impression
827 2957 918 2994 that
953 2956 1025 2994 the

203 3020 360 3051 retreat
391 3012 438 3050 of
470 3012 542 3050 the
579 3011 803 3050 Parthians
834 3024 919 3049 was
953 3011 1025 3049 the

203 3069 334 3106 result
357 3067 403 3105 of
423 3067 489 3105 his
512 3080 606 3105 own
629 3067 784 3104 action.
846 3066 913 3104 Cf.
931 3067 1023 3104 also

203 3123 275 3161 the
309 3123 399 3160 first
429 3129 523 3173 part
557 3121 603 3159 of
633 3121 717 3160 this
747 3121 922 3159 section.
985 3123 1022 3158 A

1112 1962 1281 2011 perusa]
1311 1961 1358 1999 of
1387 1961 1459 2000 the
1488 1962 1625 2006 letter,
1648 1960 1814 2006 indeed,
1837 1960 1934 1999 fails

1113 2023 1158 2054 to
1194 2017 1334 2055 reveal
1371 2017 1443 2056 the
1483 2017 1570 2056 fact
1610 2017 1703 2055 that
1738 2029 1820 2068 any
1851 2029 1933 2054 one

1113 2072 1199 2111 else
1217 2072 1319 2110 than
1338 2072 1489 2111 Cicero
1507 2085 1592 2111 was
1609 2072 1752 2122 acting
1768 2071 1933 2122 against

1112 2127 1185 2166 the
1209 2127 1444 2166 Parthians.
1489 2129 1538 2165 In
1556 2128 1703 2179 reality
1720 2127 1791 2165 the
1808 2139 1934 2166 scene

1113 2182 1160 2220 of
1199 2183 1271 2221 the
1310 2183 1499 2234 struggle
1531 2183 1600 2235 lay
1631 2183 1808 2234 entirely
1843 2188 1934 2220 out-

1113 2238 1204 2277 side
1245 2238 1291 2276 of
1332 2238 1520 2277 Cicero's
1555 2239 1770 2289 province.
1839 2237 1934 2276 The

1116 2293 1353 2339 Parthians,
1376 2293 1660 2332 emboldened
1690 2293 1745 2345 by
1766 2293 1838 2332 the
1869 2292 1936 2331 de-

1111 2348 1200 2387 feat
1223 2349 1269 2387 of
1291 2349 1487 2394 Crassus,
1513 2349 1649 2399 began
1675 2348 1763 2400 just
1787 2348 1935 2387 before

1114 2404 1198 2443 this
1225 2405 1326 2443 time
1351 2411 1396 2442 to
1425 2404 1619 2443 threaten
1651 2404 1781 2456 Syria.
1840 2403 1935 2441 The

1112 2467 1396 2511 proquaestor
1440 2460 1488 2498 C.
1531 2459 1706 2498 Cassius
1746 2457 1936 2497 checked

1114 2515 1224 2553 their
1254 2514 1445 2553 advance
1478 2527 1593 2565 upon
1630 2514 1833 2559 Antioch,
1869 2512 1936 2551 de-

1113 2570 1256 2608 feated
1293 2570 1410 2608 them
1441 2570 1482 2607 in
1519 2583 1544 2608 a
1578 2568 1753 2620 pitched
1787 2568 1935 2614 battle,

1114 2625 1197 2663 and
1216 2625 1364 2663 forced
1395 2625 1511 2663 them
1544 2632 1588 2663 to
1616 2631 1771 2663 retreat
1792 2624 1834 2662 in
1856 2623 1937 2662 dis-

1114 2680 1250 2718 order.
1327 2681 1376 2718 In
1408 2693 1432 2718 a
1462 2680 1623 2718 similar
1653 2680 1747 2718 vein
1782 2679 1934 2717 Cicero

1113 2736 1252 2774 writes
1270 2742 1315 2774 to
1336 2736 1523 2774 Atticus:
1547 2748 1716 2773 rumore
1731 2736 1936 2773 adventus

1114 2792 1248 2829 nostri
1265 2797 1304 2829 et
1327 2792 1477 2836 Cassio,
1496 2791 1573 2841 qui
1591 2790 1815 2828 Antiochia
1831 2794 1934 2826 tene-

1113 2847 1247 2892 batur,
1283 2847 1455 2884 animus
1493 2847 1658 2884 accessit
1685 2851 1724 2883 et
1760 2844 1935 2882 Parthis

1113 2903 1240 2939 timor
1255 2902 1429 2939 iniectus
1448 2907 1517 2938 est.
1563 2901 1711 2950 ltaque
1723 2913 1785 2937 eos
1800 2899 1936 2937 ceden-

1111 2962 1167 2993 tes
1186 2957 1235 2994 ab
1256 2958 1402 3005 oppido
1426 2957 1595 2994 Cassius
1615 2957 1825 2993 insecutus
1846 2967 1932 2992 rem

1112 3012 1206 3049 bene
1229 3013 1366 3061 gessit,
1401 3012 1485 3049 Att.
1522 3021 1554 3062 5.
1580 3021 1641 3048 20.
1665 3009 1932 3060 3.—Bibu-

1110 3066 1226 3105 lum:
1252 3066 1439 3110 Bibulus,
1456 3065 1550 3103 who
1566 3064 1650 3103 had
1664 3065 1770 3102 been
1785 3063 1931 3102 consul

1110 3122 1150 3158 in
1178 3133 1225 3172 59
1249 3131 1342 3166 B.c.,
1362 3133 1446 3159 was
1467 3120 1696 3170 proconsul
1715 3119 1760 3156 of
1783 3118 1914 3170 Syria.
