2067 3332
225 214 274 258 50
785 203 1062 243 CICERO'S
1105 204 1392 243 LETTERS.
1755 204 1854 256 [Ep.
1879 205 1956 243 XI.

222 359 310 394 me
339 350 400 393 tu
430 343 729 409 plurimum
759 341 995 396 valuisti.
1073 342 1185 394 Sed
1215 343 1350 394 haec
1380 359 1580 395 coram.
1653 344 1764 394 Fac
1795 344 1963 407 modo«

222 440 282 484 ut
311 433 517 484 veniaS.
941 496 976 509 „
1306 474 1313 477 ,

808 522 909 574 ΧΙ.
972 522 1144 592 (Fam.
1185 537 1264 586 14.
1296 523 1371 590 4.)

349 667 611 711 TVLLIVS
674 667 716 707 s.
769 667 823 705 D.
875 667 1236 715 TERENTIAE
1297 667 1373 705 ET
1433 668 1700 706 TVLLIAE
1760 668 1838 707 ET

844 736 1146 790 CICERONI
1199 750 1343 790 svis.

300 864 421 930 Ego
464 862 647 913 minus
692 879 858 929 saepe
900 863 970 913 do
1012 863 1080 914 ad
1121 847 1218 912 vos
1261 861 1477 913 litteras
1520 879 1683 929 quam
1732 880 1956 929 possum

219 961 512 1020 propterea
540 953 686 1019 quod
717 970 842 1005 cum
878 951 1062 1003 omnia
1096 951 1230 1002 mihi
1272 959 1525 1018 tempora
1567 960 1696 1003 sunt
1739 952 1953 1014 misera,

220 1051 339 1094 tum
366 1060 497 1093 vero
528 1059 651 1093 cum
683 1050 776 1093 aut
821 1042 1001 1094 scribo
1044 1043 1111 1093 ad
1142 1059 1239 1092 vos
1281 1049 1375 1092 aut
1404 1049 1618 1092 vestras
1660 1041 1799 1109 legO,
1834 1060 1957 1094 con-

220 1120 373 1187 ficior
401 1135 642 1187 lacrimis
673 1135 751 1187 sic
781 1143 841 1186 ut
880 1135 1027 1186 ferre
1069 1152 1181 1186 non
1226 1134 1450 1202 possim.
1492 1155 1495 1158 ⁴
1537 1134 1702 1202 Quod
1744 1135 1955 1186 utinam

220 1226 403 1277 minus
432 1225 579 1276 vitae
609 1225 793 1292 cupidi
823 1225 1152 1294 fuissemus}
1209 1232 1360 1276 certe
1388 1224 1525 1275 nihil
1555 1232 1648 1275 aut
1680 1241 1790 1292 non
1825 1225 1957 1276 mul-

219 1324 339 1367 tum
369 1316 424 1366 in
453 1316 567 1366 vita
596 1315 725 1366 mali
753 1315 1101 1367 vidissemus,
1171 1314 1354 1382 .Qu‘od
1386 1314 1431 1365 si
1457 1317 1567 1365 'nos
1610 1315 1678 1365 ad
1718 1314 1955 1381 aliquam

219 1406 451 1458 alicuius
495 1405 770 1457 commodi
814 1405 1108 1472 aliquando
1151 1404 1492 1471 reciperandi
1536 1421 1690 1471 spem
1731 1404 1957 1461 fortuna

220 1496 537 1557 reservavit,
583 1496 766 1546 minus
816 1503 900 1546 est
947 1502 1189 1546 erratum
1234 1512 1265 1546 a
1304 1495 1490 1558 nobis;
1546 1495 1592 1546 si
1637 1495 1772 1546 haec
1814 1495 1958 1546 mala

220 1588 326 1638 fixa
368 1594 513 1648 sunt,
559 1603 662 1653 ego
704 1603 833 1636 vero
876 1594 933 1637 te
977 1603 1139 1653 quam
1182 1585 1435 1660 primum,
1469 1602 1593 1636 mea
1632 1585 1759 1647 vita,
1793 1585 1954 1652 cupio

219 1677 406 1727 videre
448 1684 503 1727 et
546 1676 601 1726 in
643 1684 740 1726 tuo
783 1676 1073 1742 complexu
1117 1675 1302 1737 emori,
1337 1675 1596 1742 quoniam
1639 1691 1820 1742 neque
1861 1675 1951 1737 dii,

220 1785 357 1834 quos
387 1775 448 1818 tu
478 1766 790 1818 castissime
822 1766 1056 1827 coluisti,
1090 1782 1270 1833 neque
1305 1765 1576 1826 homineS,
1610 1765 1809 1832 quibus
1851 1782 1955 1833 ego

221 1874 440 1924 semper
469 1856 683 1918 servivi,
717 1856 878 1907 nobis
909 1856 1142 1923 gratiam
1184 1855 1536 1907 rettulerunt.
1623 1856 1740 1907 Nos
1783 1855 1955 1907 Brun-

1129 1974 1331 2013 alicuius
1373 2003 1383 2012 .
1417 2003 1427 2012 .
1461 2003 1470 2012 .

1128 2029 1267 2067 words
1288 2028 1472 2068 indicate
1488 2029 1740 2082 sufficiently
1760 2030 1949 2070 Cicero's

219 1976 266 2013 in
284 1986 332 2013 re
352 2003 362 2013 .
382 2003 392 2013 .
413 2003 422 2012 .
439 1974 650 2013 valuisti:
674 1974 826 2012 Cicero
843 1986 982 2012 seems
997 1979 1041 2011 to

218 2030 328 2069 have
342 2029 662 2080 contemplated
678 2029 853 2068 suicide.
873 2029 940 2067 Cf.
955 2030 1039 2067 Att.

1514 1974 1786 2026 aliquando:
1828 1974 1949 2015 these

221 2098 254 2136 3.
278 2096 314 2134 7.
339 2097 374 2131 2,
397 2085 486 2124 first
517 2091 730 2130 sentence,
752 2084 836 2122 and
857 2086 944 2122 Att.
964 2096 998 2135 3.
1019 2096 1041 2135 3

219 2143 382 2178 utinam
426 2142 549 2179 illum
590 2141 696 2178 diem
737 2141 915 2186 videam,
945 2153 1037 2177 cum

218 2198 293 2234 tibi
320 2209 441 2245 agam
468 2197 634 2246 gratias
665 2196 780 2246 quod
804 2209 868 2233 me
899 2197 1040 2233 vivere

217 2253 380 2301 coegisti
397 2251 413 2288 !
451 2252 589 2289 adlzuc
623 2252 789 2301 quidem
823 2251 945 2288 valde
975 2263 1040 2288 me

209 2308 661 2356 paenitet—coram:
685 2305 737 2344 cf.
762 2306 864 2343 Intr.
887 2316 951 2357 95.

275 2363 355 2400 XI.
398 2361 683 2407 Brundisium,
726 2361 847 2412 April
889 2372 952 2412 29,
991 2360 1038 2413 58

220 2428 300 2455 Bc
362 2418 429 2455 On
460 2417 574 2462 suis,
597 2416 649 2455 cf.
681 2418 780 2462 suis,
804 2417 882 2467 Ep.
907 2417 1038 2455 XIII.

218 2472 564 2522 superscription,
587 2485 626 2509 n.

278 2539 309 2565 1.
342 2528 543 2566 litteras:
572 2528 734 2566 litterae
754 2526 964 2579 probably
984 2527 1040 2565 in-

218 2583 380 2621 dicates
415 2583 528 2627 here,
560 2595 606 2620 as
642 2582 683 2620 in
716 2583 880 2621 several
916 2582 1041 2621 other

219 2651 434 2688 passages,
471 2650 589 2676 more
625 2638 728 2675 than
770 2650 853 2676 one
892 2638 1038 2684 letter3

218 2693 270 2731 cf.
302 2695 467 2740 litteris,
502 2694 579 2743 Ep.
614 2693 778 2731 XCIX.
807 2704 820 2730 1
848 2693 1040 2730 n.—vi-

218 2756 293 2786 tae
317 2749 493 2798 cupidi:
519 2748 671 2786 Cicero
695 2761 792 2800 may
813 2747 865 2787 be
888 2754 1041 2797 regret·

218 2804 309 2853 ting
331 2803 466 2842 either
486 2803 552 2842 his
575 2803 760 2841 mistake
782 2803 823 2841 in
846 2809 921 2841 not
943 2803 1040 2841 hav-

216 2859 289 2908 ing
328 2865 415 2897 met
455 2858 584 2897 death
617 2858 740 2897 while
781 2858 957 2909 making
987 2870 1039 2896 an

217 2913 362 2952 armed
404 2914 634 2952 resistance
675 2920 720 2952 to
764 2912 955 2958 Clodius,
993 2926 1039 2951 as

216 2981 336 3006 some
358 2968 403 3006 of
424 2969 489 3007 his
509 2968 672 3007 friends
694 2967 883 3014 advised,
906 2981 953 3005 or
975 2968 1040 3006 his

215 3023 366 3061 failure
390 3030 433 3061 to
456 3023 631 3061 commit
663 3022 840 3070 suicide;
873 3023 925 3061 cf.
944 3029 1040 3072 pae—

217 3079 320 3115 nitet
346 3079 495 3123 vivere,
521 3078 598 3128 Ep.
631 3079 683 3115 X.
708 3091 746 3115 n.
762 3078 1037 3128 —aliquam

1127 2084 1308 2135 despair.
1322 2108 1378 2114 —
1393 2085 1457 2124 dii
1476 2114 1485 2124 .
1505 2114 1515 2124 .
1535 2114 1544 2124 .
1564 2086 1755 2124 servivi:
1778 2099 1803 2124 a
1822 2092 1949 2125 state-

1127 2146 1244 2179 ment
1265 2140 1511 2191 suggestive
1533 2140 1580 2179 of
1610 2141 1683 2179 the
1713 2142 1948 2192 respective

1126 2194 1331 2235 attitudes
1354 2195 1400 2234 of
1430 2195 1503 2235 the
1534 2202 1617 2234 two
1639 2208 1761 2235 sexes
1788 2197 1831 2234 in
1860 2197 1951 2235 Cie-

1126 2251 1236 2290 ero‘s
1259 2252 1361 2290 time
1384 2251 1426 2289 in
1458 2251 1659 2302 religious
1689 2257 1878 2290 matters.
1895 2276 1948 2280 —

1126 2319 1281 2358 neque
1303 2307 1525 2346 homines
1544 2335 1554 2345 .
1579 2335 1588 2345 .
1613 2335 1623 2345 .
1646 2307 1945 2346 rettulerunt:

1128 2362 1318 2401 Cicero's
1377 2361 1541 2401 friends
1601 2360 1684 2407 did,
1737 2362 1946 2408 however,

1126 2416 1255 2456 stand
1284 2416 1339 2470 by
1360 2417 1461 2463 him,
1484 2416 1569 2456 and
1599 2430 1725 2469 many
1746 2417 1793 2455 of
1822 2417 1947 2456 those

1127 2471 1296 2511 outside
1348 2473 1498 2518 Rome,
1542 2472 1628 2511 like
1680 2473 1858 2512 Flaccus
1906 2478 1949 2511 at

1129 2527 1403 2567 Brundisium
1447 2527 1506 2579 (2)
1548 2527 1633 2566 and
1675 2527 1872 2567 Plancius
1907 2534 1950 2566 at

1127 2583 1438 2622 Thessalonica
1481 2583 1582 2634 (Att.
1621 2595 1657 2635 3.
1699 2595 1758 2632 14.
1797 2584 1851 2631 2),
1887 2596 1949 2622 as-

1127 2637 1260 2677 sisted
1296 2638 1383 2676 him
1420 2644 1463 2676 at
1499 2638 1572 2677 the
1609 2638 1713 2689 peril
1754 2638 1801 2677 of
1841 2638 1950 2677 their

1127 2693 1232 2732 lives
1246 2693 1331 2731 and
1347 2693 1555 2739 fortunes,
1570 2693 1693 2732 while
1711 2693 1776 2733 his
1788 2693 1949 2733 friends

1127 2754 1170 2786 at
1195 2749 1333 2786 Rome
1354 2747 1439 2786 and
1461 2748 1533 2787 the
1563 2749 1716 2799 people
1749 2748 1950 2798 through—

1127 2809 1203 2842 out
1237 2804 1348 2855 Italy
1369 2803 1543 2841 worked
1573 2802 1756 2855 steadily
1784 2803 1852 2842 for
1881 2803 1947 2842 his

1127 2858 1266 2896 recall.
1312 2859 1396 2896 For
1418 2858 1490 2897 the
1508 2858 1593 2897 risk
1610 2859 1747 2897 which
1771 2859 1949 2897 Flaccus

1127 2926 1214 2959 ran,
1237 2913 1290 2952 cf.
1304 2919 1388 2963 pro
1409 2915 1556 2952 Plane.
1578 2924 1627 2964 97
1651 2916 1698 2952 in
1728 2914 1865 2951 lzortos
1886 2927 1950 2952 me

1126 2969 1190 3006 M.
1225 2969 1362 3007 Laeni
1389 2969 1531 3006 Flacci
1559 2969 1725 3014 contuli,
1757 2970 1826 3006 cui
1854 2981 1946 3007 cum

1126 3025 1262 3061 omnis
1312 3028 1444 3061 metus
1477 3024 1706 3072 publicatio
1745 3023 1943 3061 bonorum
2012 3029 2015 3033 ⁴

1125 3078 1324 3116 exsilium
1366 3091 1479 3116 mors
1511 3083 1820 3128 proponeretur
1850 3079 1947 3115 haec
