2067 3332
676 146 956 212 cicERo‘s
1000 174 1289 213 LETTERS.
1770 175 1849 216 205

102 175 220 214 Fam.
243 173 280 213 6.
303 173 363 225 6.]

100 314 359 381 patietur,
406 330 509 364 nec
553 330 785 363 manens
830 329 932 364 nec
977 320 1192 364 mutata
1233 314 1373 365 ratio
1415 314 1577 376 feret,
1611 314 1849 381 primum

100 413 159 455 ut
191 422 302 456 non
334 404 389 454 in
420 421 586 455 causa
619 403 737 470 pari
780 404 971 454 eadem
1016 403 1088 454 sit
1131 411 1186 455 et
1231 404 1484 457 condicio
1527 412 1582 456 et
1625 404 1851 457 fortuna

98 495 363 555 omniurn,
422 494 622 545 deinde
684 501 743 544 ut
810 493 864 543 in
932 511 1051 544 eam
1109 494 1394 546 civitatem
1450 495 1584 547 boni
1636 495 1739 546 viri
1793 504 1847 548 et

98 585 229 636 boni
272 585 422 636 cives
468 584 619 635 nulla
660 584 968 651 ignominia
1009 584 1189 635 notati
1231 602 1342 636 non
1386 593 1750 647 revertantur,
1792 586 1846 637 in

97 693 260 743 quam
291 683 373 726 tot
405 675 747 726 nefariorum
778 674 1051 726 scelerum
1083 675 1442 726 condemnati
1477 683 1845 729 reverterunt.

99 766 293 817 Habes
323 765 616 832 augurium
647 781 832 816 meum
863 782 874 827 ;
916 781 1042 832 qUO,
1070 765 1117 816 si
1146 765 1277 833 quid
1306 766 1707 827 addubitarem,
1735 784 1847 818 non

96 857 283 924 potius
314 864 502 907 uterer
530 873 694 923 quam
726 855 818 906 illa
853 855 1253 918 consolatione,
1286 873 1395 924 qua
1435 856 1600 908 facile
1640 857 1845 909 fortem

94 947 272 998 virum
329 954 746 998 sustentarem:
814 953 886 1008 te,
945 946 993 998 si
1061 946 1346 1014 explorata
1398 947 1631 999 victoria
1696 966 1847 1000 arma

99 1038 436 1105 sumpsisses
479 1054 578 1104 pro
622 1053 681 1088 re
723 1036 964 1104 p.—ita
1005 1036 1154 1088 enim
1197 1044 1317 1088 turn
1364 1038 1844 1104 putabaS‚—non

95 1128 260 1180 nimis
284 1145 408 1180 esse
432 1127 794 1191 laudandum3
825 1127 911 1179 sin
941 1135 1169 1195 propter
1197 1127 1443 1179 incertos
1474 1128 1656 1180 exitus
1687 1146 1846 1181 even-

94 1227 299 1287 tusque
341 1218 613 1270 bellorum
656 1236 821 1286 posse
869 1219 1121 1271 accidere
1164 1227 1224 1270 ut
1267 1219 1620 1271 vinceremur
1661 1228 1845 1287 putas-

95 1327 203 1372 ses,
230 1328 341 1361 non
365 1310 571 1361 debere
599 1318 657 1361 te
679 1310 747 1361 ad
771 1311 1073 1362 secundam
1103 1310 1386 1361 fortunam
1418 1311 1561 1361 bene
1591 1319 1842 1377 paratum

93 1401 285 1462 fuisse,
334 1401 623 1453 adversam
664 1401 812 1452 ferre
861 1401 1014 1452 nullo
1072 1402 1235 1452 modo
1290 1417 1470 1468 posse.
1581 1402 1843 1469 Disputa-

94 1509 211 1543 rem
267 1493 431 1544 etiam
484 1500 693 1560 quanto
750 1491 955 1543 solacio
998 1492 1102 1543 tibi
1158 1492 1504 1543 conscientia
1558 1492 1641 1542 tui
1688 1493 1838 1554 facti,

92 1591 334 1650 quantae
388 1582 747 1634 delectationi
804 1582 861 1633 in
917 1583 1083 1634 rebus
1139 1583 1387 1634 adversis
1443 1582 1664 1634 litterae
1719 1600 1842 1634 esse

92 1674 380 1726 deberent.
484 1659 994 1726 Commemorarem
1045 1691 1154 1724 non
1206 1673 1385 1725 solum
1429 1681 1698 1734 veterum,
1745 1676 1841 1725 sed

93 1764 289 1816 horum
321 1764 487 1816 etiam
519 1765 831 1816 recentium
855 1764 943 1815 vel
973 1765 1176 1815 ducum
1206 1764 1293 1815 vel
1323 1764 1589 1815 comitum
1619 1772 1839 1815 tuorum

91 1855 450 1923 gravissimos
491 1872 671 1916 caSUS,
707 1855 872 1906 etiam
920 1863 1180 1906 externos
1224 1855 1430 1905 multos
1474 1854 1650 1906 claros
1691 1855 1838 1906 viros

93 1946 438 1997 nominarem
470 1963 482 2009 ;
523 1945 668 1998 levat
701 1946 850 1996 enim
880 1946 1128 1997 dolorem
1159 1946 1471 1997 communis
1502 1945 1658 2012 quasi
1699 1945 1839 2013 legis

72 2020 146 2088 'et
177 2037 453 2088 humanae
482 2037 827 2089 condicionis
857 2037 1185 2089 recordatio,
1273 2037 1626 2103 Exponerem
1671 2036 1838 2087 etiam

92 2128 560 2195 quemadmodum
609 2128 699 2180 hic
748 2136 803 2179 et
850 2136 1058 2195 quanta
1103 2127 1158 2178 in
1205 2128 1369 2178 turba
1416 2135 1733 2194 quantaque
1782 2127 1837 2177 in

153 2278 214 2306 11.
250 2274 321 2306 tot
354 2297 364 2306 .
399 2296 408 2306 .
442 2296 452 2306 .
485 2268 824 2307 condemnati:
866 2268 919 2307 cf.
1010 2266 1180 2318 depend
1229 2280 1287 2305 on
1337 2267 1526 2307 debere.
1547 2291 1603 2295 ——
1627 2273 1836 2317 quantae

95 2323 219 2362 Caes.
243 2324 294 2361 B.
318 2325 360 2362 C.
385 2335 420 2374 3.
449 2335 461 2360 1
490 2325 719 2362 nonnullos
738 2325 922 2362 ambitus

94 2380 293 2428 Pompeia
315 2380 399 2429 lege
424 2378 488 2429 (of
513 2391 559 2431 52
580 2379 679 2430 B.C.)
699 2381 923 2419 damnatos

93 2435 182 2472 illis
221 2435 486 2484 temporibus,
527 2435 679 2486 quibus
727 2437 774 2472 in
824 2436 923 2473 urbe

88 2491 305 2541 praesidia
327 2491 535 2540 legionum
557 2492 782 2540 Pompeius
797 2491 923 2528 habu-

93 2552 186 2584 erat
206 2575 214 2582 .
239 2575 246 2582 .
272 2575 279 2582 .
304 2547 350 2583 in
372 2547 580 2596 integrum
605 2548 799 2584 restituit.
852 2546 920 2584 Cf.

92 2600 186 2639 also
219 2601 307 2640 Cic.
341 2603 428 2640 Att.
466 2613 526 2640 10.
558 2614 595 2650 4.
626 2600 681 2649 83
712 2603 830 2640 Fam.
860 2612 921 2654 15.

98 2668 159 2707 19.
184 2668 207 2708 3
229 2672 237 2703 ;
271 2658 389 2695 Suet.
413 2659 497 2695 lul.
521 2669 586 2705 41.

154 2724 213 2750 12.
247 2713 354 2751 illa:
388 2712 616 2764 explained
646 2712 701 2765 by
733 2713 805 2752 the
845 2713 923 2751 fol-

93 2768 248 2817 lowing
269 2770 403 2806 oratio
423 2770 600 2820 obliqua.
619 2793 674 2797 —-
689 2776 752 2816 te,
777 2769 818 2808 si
841 2781 923 2807 ex-

94 2823 277 2874 plorata
308 2825 522 2871 victoria,
546 2832 639 2870 etc.‚
672 2825 816 2876 ifyou
838 2825 928 2862 luzd

93 2881 215 2917 taken
248 2886 303 2930 up
333 2893 464 2925 arms,
487 2881 610 2918 when
633 2894 719 2930 you
749 2881 926 2929 tlzouglct

93 2936 251 2985 victory
270 2937 465 2973 ‘assureaz
486 2959 542 2963 —
563 2937 816 2974 adversam
842 2965 851 2973 .
876 2965 886 2973 .
911 2965 921 2973 .

94 3002 258 3041 posse:
288 2991 483 3041 opposed
504 2991 545 3029 in
570 2991 757 3042 thought
782 2999 826 3029 to
850 2991 922 3029 the

94 3046 237 3084 clause
297 3046 397 3084 with
467 3053 688 3097 paratum
753 3047 921 3085 fuisse.

96 3101 208 3139 Both
241 3109 462 3152 paratum
495 3102 646 3141 fuisse
670 3102 754 3140 and
776 3114 921 3153 posse

1010 2323 1347 2363 delectationi:
1392 2322 1446 2361 cf.
1483 2324 1603 2361 Fam.
1641 2322 1677 2361 6.
1719 2334 1778 2360 12.
1817 2333 1836 2374 5

1009 2380 1085 2418 sed
1109 2385 1169 2417 est
1196 2392 1332 2418 unum
1364 2379 1614 2430 perfugium
1648 2379 1837 2417 doctrina

1009 2449 1058 2473 ac
1078 2436 1242 2473 litterae
1264 2464 1271 2471 .
1298 2464 1305 2471 .
1329 2464 1336 2471 .
1360 2447 1466 2485 quae
1495 2434 1688 2472 secundis
1718 2434 1838 2472 rebus

1010 2492 1314 2530 delectationem
1370 2490 1489 2527 modo
1536 2490 1683 2527 habere
1730 2490 1838 2527 vide-

1010 2547 1179 2591 bantur,
1213 2559 1329 2584 nunc
1357 2558 1455 2584 vero
1483 2546 1608 2583 etiam
1645 2546 1835 2583 salutem.

1009 2625 1065 2630 —
1079 2603 1256 2641 ducum
1273 2600 1350 2639 vel
1372 2600 1603 2639 comitum
1625 2607 1836 2639 tuorum:

1011 2657 1063 2696 cf.
1088 2658 1167 2707 Ep.
1188 2657 1333 2695 LXII.
1354 2668 1375 2694 2
1394 2669 1463 2694 nn.
1478 2656 1723 2694 —multos
1747 2656 1837 2694 cla-

1011 2725 1088 2751 ros
1129 2713 1286 2751 viros:
1330 2719 1407 2750 not
1440 2712 1594 2749 multos
1627 2717 1666 2749 et
1702 2712 1838 2750 claros

1009 2771 1135 2814 viros,
1168 2768 1352 2815 because
1388 2767 1543 2806 claros
1573 2767 1701 2806 viros
1742 2779 1838 2804 con-

1009 2825 1184 2863 stitutes
1207 2837 1232 2862 a
1252 2824 1389 2873 single
1410 2822 1518 2861 idea.
1570 2822 1722 2861 Cicero
1740 2835 1836 2874 may

1010 2879 1062 2918 be
1086 2879 1297 2929 thinking,
1319 2879 1388 2917 for
1418 2878 1623 2924 instance,
1648 2878 1694 2916 of
1726 2878 1837 2916 Alci-

1010 2935 1158 2974 biades
1176 2934 1260 2973 and
1278 2934 1608 2980 Themistocles,
1624 2933 1720 2972 who
1738 2932 1837 2972 died

1010 2991 1052 3028 in
1075 2991 1359 3029 banishment.

1072 3058 1131 3097 13.
1177 3052 1356 3096 quanta
1389 3074 1399 3083 .
1438 3074 1448 3083 .
1487 3073 1497 3083 .
1528 3045 1837 3084 viveremus:

1012 3102 1165 3140 Cicero
1188 3107 1389 3151 suggests
1412 3100 1484 3138 the
1505 3113 1624 3139 same
1645 3100 1838 3140 consola-

1884 788 1930 815 12

1876 2066 1920 2106 13
