2067 3332
216 163 296 205 208
782 168 1060 207 CICERO'S
1102 169 1391 207 LETTERS.
1647 169 1745 221 [Ep.
1770 171 1954 209 LXVII.

217 305 312 355 sed
354 305 520 356 etiam
567 323 633 357 ex
682 307 855 358 oculis
899 315 954 358 et
1003 308 1175 369 vultU,
1223 325 1290 358 ex
1331 308 1521 359 multis
1564 317 1850 375 praeterea
1891 311 1957 360 si-

215 380 356 461 gniS‚
389 412 530 462 quae
557 396 774 447 facilius
810 397 1126 464 perspicere
1162 399 1318 465 potui
1355 416 1518 465 quam
1564 399 1821 460 scribere,
1855 400 1956 451 hac

216 485 475 551 opinione
523 486 771 548 discessi,
813 494 875 537 ut
919 487 1054 537 mihi
1098 495 1194 539 tua
1236 488 1382 539 salus
1427 488 1592 540 dubia
1635 506 1745 539 non
1788 497 1952 542 esset.

220 575 594 642 Quamobrem
636 576 725 627 fac
768 577 952 628 animo
995 595 1196 644 magno
1234 578 1482 645 fortique
1524 578 1599 630 sis
1643 586 1714 640 et,
1761 579 1806 629 si
1847 587 1956 630 tur-

215 665 502 717 bidissima
550 667 831 734 sapienter
877 668 1114 729 ferebas,
1167 669 1550 736 tranquilliora
1597 668 1741 720 laete
1789 669 1952 721 feras,

217 756 339 822 Ego
368 763 555 807 tamen
584 757 696 808 tuis
739 758 905 809 rebus
951 758 1030 810 sic
1069 759 1250 820 aderO,
1285 766 1344 809 ut
1389 758 1742 820 difficillimis,
1776 776 1956 827 neque

218 845 443 897 Caesari
494 847 688 909 solum,
742 849 839 899 sed
888 848 1055 899 etiam
1105 849 1297 900 amicis
1344 849 1462 900 eius
1506 849 1781 911 omnibUS,
1817 867 1954 916 quos

215 936 351 986 mihi
405 937 771 990 amicissimos
820 955 945 990 esse
1000 939 1252 1006 cognovi,
1304 956 1403 1006 pro
1451 947 1524 1001 te,
1577 939 1719 991 sicut
1775 939 1953 991 adhuc

214 1027 339 1088 feci,
371 1027 741 1080 libentissime
779 1029 1116 1096 supplicabo,
1199 1029 1355 1081 Vale.

729 1231 971 1281 LXVII.
1033 1231 1204 1300 (Fam.
1236 1246 1286 1298 9.
1327 1233 1433 1297 15.)

814 1376 1043 1414 CICERO
1078 1376 1278 1414 PAETO
1312 1376 1353 1415 S.

292 1486 525 1538 Duabus
553 1487 666 1538 tuis
707 1487 961 1554 epistulis
1001 1488 1367 1555 respondebO,
1404 1487 1501 1538 uni
1538 1505 1702 1555 quam
1741 1489 1954 1556 quadri-

215 1577 322 1626 duo
351 1585 481 1627 ante
509 1594 830 1644 acceperam
861 1596 891 1628 a
922 1578 1113 1639 Zetho,
1147 1578 1306 1628 alteri
1341 1595 1504 1645 quam
1535 1578 1797 1629 attulerat
1835 1578 1953 1629 Phi-

215 1666 357 1717 leros
379 1667 714 1719 tabellarius,
785 1669 871 1719 Ex
892 1668 1167 1735 prioribus
1198 1668 1309 1719 tuis
1339 1668 1541 1719 litteris
1567 1668 1814 1719 intellexi
1837 1685 1953 1735 per-

215 1765 425 1823 gratam
450 1758 550 1808 tibi
574 1774 696 1809 esse
721 1776 908 1809 curam
933 1775 1113 1809 meam
1135 1758 1470 1829 valetudinis
1494 1766 1638 1820 tuae,
1664 1776 1827 1826 quam
1851 1758 1953 1810 tibi

214 1856 561 1914 perspectam
602 1865 726 1899 esse
756 1850 996 1916 gaude03
1040 1850 1152 1910 sed,
1186 1848 1322 1899 mihi
1361 1849 1540 1910 crede,
1574 1866 1684 1900 non
1724 1849 1953 1916 perinde

215 1945 275 1988 ut
306 1946 391 1989 est
421 1955 616 2005 reapse
647 1956 713 1989 ex
742 1939 944 1990 litteris
976 1939 1295 2006 perspicere
1323 1939 1571 2006 potuisti.
1653 1939 1795 1989 Nam
1828 1956 1951 1990 cum

214 2045 246 2078 a
274 2029 408 2079 satis
447 2029 635 2080 multis
675 2033 806 2098 (non
849 2030 997 2080 enim
1040 2047 1267 2096 possum
1310 2029 1470 2080 aliter
1510 2029 1715 2097 dicere)
1748 2036 1803 2079 et
1846 2028 1953 2080 coli

215 2135 303 2168 me
331 2119 546 2169 videam
577 2127 631 2169 et
661 2119 830 2186 diligi,
864 2137 1027 2170 nemo
1058 2127 1143 2170 est
1180 2119 1395 2170 illorum
1435 2118 1682 2169 omnium
1723 2118 1858 2168 mihi
1895 2126 1952 2169 te

272 2250 459 2287 LXVII.
495 2250 646 2295 Rome,
669 2250 761 2289 first
790 2250 1042 2303 intercalary

215 2305 368 2342 month
408 2305 518 2343 after
561 2307 688 2350 Nov„
721 2305 774 2354 46
805 2316 888 2344 B..C
924 2308 1039 2357 (Oct.

215 2360 262 2398 of
291 2360 362 2398 the
395 2361 536 2407 Julian
568 2360 814 2411 calendar);
850 2374 921 2400 see
959 2363 1036 2412 Ep.

217 2416 338 2453 LXV
346 2416 377 2453 Ι.
400 2416 558 2454 introd.
583 2423 698 2455 note.
760 2418 846 2455 For
869 2419 1039 2463 Paetus,

215 2483 286 2509 see
309 2471 386 2521 Ep.
412 2472 529 2509 LXI.
553 2471 709 2510 introd.
732 2478 845 2511 note.

276 2538 307 2563 1.
341 2528 523 2565 Zetho:
573 2526 783 2579 probably
831 2541 857 2566 a
905 2527 1041 2566 freed-

216 2589 718 2633 man.—pergratam:
750 2582 803 2621 cf.
838 2584 941 2621 Intr.
974 2594 1038 2632 77.

214 2638 402 2676 ——mihi
434 2639 603 2676 crede:
635 2651 707 2677 see
739 2639 818 2689 Ep.
842 2638 1038 2676 XXVII.

221 2704 235 2731 1
263 2693 583 2743 n.—perinde
615 2700 696 2733 ut:
728 2693 801 2732 the
823 2706 1041 2744 compara-

216 2749 302 2786 tive
341 2749 519 2798 phrases
552 2749 734 2798 perinde
767 2755 826 2794 nt,
858 2750 1041 2799 proinde

215 2818 263 2841 ac
286 2804 355 2853 (cf.
379 2805 500 2841 Fam.
537 2815 596 2842 10.
627 2815 690 2855 31.
716 2815 756 2850 2;
789 2805 867 2854 Ep.
892 2804 1038 2842 XCII.

218 2859 471 2909 2)‚pr0inde
501 2864 549 2896 ut
571 2859 643 2909 (cf.
675 2860 792 2897 [ἤτω.
824 2871 882 2897 10.
913 2872 951 2907 4.
980 2859 1038 2908 4),

216 2913 301 2952 and
333 2920 418 2963 pro
456 2927 501 2952 eo
539 2928 586 2951 ac
625 2914 721 2964 (Ep.
767 2915 947 2952 LXXV.
999 2915 1036 2964 1)

216 2981 331 3007 seem
354 2975 399 3007 to
422 2968 476 3007 be
498 2969 634 3007 either
655 2969 762 3019 legal
786 2982 835 3007 or
856 2969 1036 3007 archaic.

217 3024 284 3061 Cf.
306 3025 510 3062 Palmer's
527 3030 630 3062 note
648 3037 702 3061 on
725 3025 858 3062 Plaut.
878 3024 1035 3073 Amph.

215 3078 308 3130 685.
326 3103 380 3107 --
396 3090 566 3130 reapse
588 3093 596 3117 t
627 3079 697 3116 for
719 3093 762 3116 re

786 3085 902 3128 eapse
922 3096 974 3110 =
995 3092 1040 3116 re

1130 2252 1229 2301 ipsa.
1291 2250 1342 2288 In
1384 2250 1561 2289 Plautus
1601 2249 1706 2289 such
1738 2249 1874 2289 forms
1904 2261 1951 2288 as

1128 2312 1306 2356 eumpse,
1327 2312 1502 2356 eampse,
1525 2304 1610 2343 and
1630 2311 1746 2355 eapse
1772 2318 1845 2344 are
1874 2311 1952 2359 not

1130 2373 1392 2400 uncommon
1425 2360 1496 2411 (cf.
1535 2362 1653 2399 Trin.
1685 2372 1794 2410 974;
1825 2362 1950 2398 Poen.

1131 2428 1221 2466 272,
1244 2416 1358 2467 etc.).
1416 2418 1576 2466 Reapse
1596 2428 1746 2454 occurs
1767 2416 1809 2453 in
1831 2427 1951 2454 some

1128 2472 1210 2511 five
1233 2485 1280 2510 or
1310 2472 1375 2511 six
1403 2471 1528 2510 other
1556 2483 1762 2522 passages
1789 2471 1830 2509 in
1860 2470 1953 2509 Cic-

1128 2540 1215 2573 ero,
1237 2527 1315 2566 but
1346 2527 1599 2578 apparently
1629 2526 1670 2564 in
1702 2539 1827 2578 every
1854 2537 1951 2564 case

1130 2583 1282 2621 Cicero
1314 2582 1349 2620 is
1381 2581 1586 2633 affecting
1620 2594 1673 2620 an
1703 2581 1872 2620 archaie
1903 2593 1952 2618 or

1128 2638 1360 2689 colloquial
1387 2644 1500 2676 tone.
1517 2660 1572 2665 —-
1589 2637 1707 2676 satis
1724 2651 1733 2674 ε
1758 2635 1951 2675 W‘cslfflin

1131 2693 1242 2743 (Lat.
1265 2707 1306 2731 u.
1328 2706 1432 2731 rom.
1455 2693 1764 2742 Comparation,
1785 2703 1806 2729 2
1813 2691 1852 2742 3)
1873 2691 1950 2729 has

1127 2749 1277 2787 shown
1299 2748 1393 2787 that
1413 2749 1514 2786 satis
1535 2748 1576 2785 in
1601 2748 1778 2785 Plautus
1800 2745 1885 2784 and
1906 2746 1948 2784 in

1126 2804 1211 2842 late
1236 2804 1359 2842 Latin
1378 2803 1627 2842 sometimes
1645 2803 1722 2840 has
1745 2802 1816 2840 the
1833 2801 1950 2839 force

1127 2859 1174 2896 of
1202 2860 1335 2904 valde,
1358 2858 1443 2896 and
1466 2858 1558 2896 that
1587 2856 1729 2895 would
1760 2869 1876 2895 seem
1905 2862 1949 2894 to

1126 2913 1179 2952 be
1201 2915 1254 2952 its
1276 2914 1478 2963 meaning
1498 2913 1610 2951 here.
1673 2912 1754 2957 Cf.‚
1776 2911 1846 2950 for
1866 2911 1951 2949 this

1127 2970 1338 3019 meaning,
1376 2969 1511 3006 Plaut.
1546 2968 1608 3005 M.
1643 2968 1689 3005 G.
1720 2966 1826 3017 918;
1854 2966 1950 3003 Ter.

1126 3025 1240 3062 And.
1262 3033 1341 3074 475
1361 3038 1368 3069 ;
1404 3023 1492 3062 Cic.
1515 3024 1634 3060 Fam.
1662 3033 1805 3059 11.10.
1831 3033 1882 3072 33
1912 3020 1949 3058 8.

1130 3090 1192 3116 11.
1215 3090 1267 3130 33
1293 3090 1353 3116 10.
1378 3089 1422 3115 21
1448 3088 1488 3116 A.
