2067 3332
102 142 221 180 Fam.
248 153 308 190 14.
335 140 390 192 2.]

673 140 952 180 CICERO’S
997 142 1286 181 LETTERS.
1802 140 1854 183 57

102 281 268 348 idque
296 280 416 331 fieri
445 298 568 332 mea
602 280 779 347 culpa,
813 272 907 348 qui
950 289 1167 332 ceteros
1211 282 1426 333 servavi
1468 289 1529 333 ut
1572 298 1674 333 nos
1716 282 1854 349 peri-

102 373 311 423 remus!

397 372 563 439 Quod
605 372 673 422 de
715 372 880 423 domo
924 372 1138 434 scribis,
1172 373 1278 424 hoc
1320 380 1406 424 est
1449 373 1518 424 de
1559 389 1701 434 area,
1748 390 1852 440 ego
1885 390 1908 430 3

101 480 230 514 vero
259 471 378 513 tum
409 463 649 530 denique
685 462 820 513 mihi
849 462 1080 514 videbor
1122 464 1435 525 restitutus,
1469 464 1516 515 si
1558 464 1650 515 illa
1691 464 1852 515 nobis

100 553 204 604 erit
235 553 512 605 restituta.

596 553 807 604 Verum
838 553 973 605 haec
1009 571 1121 604 non
1159 562 1289 605 sunt
1332 554 1388 605 in
1431 562 1624 606 nostra
1664 572 1847 606 manu,

104 644 247 695 Illud
275 643 453 705 doleo,
485 661 626 712 quae
656 644 910 710 impensa
938 644 1266 706 faciendast,
1302 645 1358 696 in
1388 645 1507 696 eius
1549 653 1764 712 partem
1794 653 1851 697 te

101 735 360 785 miseram
417 742 472 785 et
522 734 889 801 despoliatam
938 735 1146 788 venire.

1252 735 1418 803 Quod
1467 736 1512 787 si
1561 736 1852 787 conficitur

101 825 405 892 negotium,
439 825 625 876 omnia
654 842 1087 893 consequemur;
1130 826 1216 877 sin
1247 827 1440 877 eadem
1483 843 1584 877 nos
1626 826 1853 878 fortuna

101 923 332 983 premet,
367 915 610 966 etiamne
639 915 900 983 reliquias
931 923 1056 967 tuas
1087 916 1288 967 misera
1316 916 1594 983 proicies?

1678 917 1852 968 Obse-

101 1023 194 1058 cro
237 1014 309 1067 te‚
343 1023 466 1057 mea
506 1006 636 1067 vita,
670 1007 816 1074 quod
859 1007 927 1057 ad
970 1015 1256 1074 sumptum
1298 1007 1518 1068 attinet,
1553 1007 1673 1058 sine
1714 1008 1850 1058 alios

101 1097 194 1164 qui
234 1105 485 1164 possunt,
520 1097 566 1148 si
610 1098 772 1148 modo
815 1098 1026 1159 volunt,
1061 1098 1354 1159 sustinere,
1389 1106 1444 1149 et
1475 1098 1850 1149 valetudinem

102 1188 265 1239 istam
312 1188 602 1249 infirmam,
649 1189 694 1239 si
739 1206 828 1240 me
876 1206 1043 1249 amas,
1097 1189 1211 1239 noli
1258 1205 1484 1251 vexare;
1539 1206 1666 1240 narn
1716 1189 1852 1239 mihi

101 1287 231 1330 ante
273 1279 462 1330 oculos
505 1279 624 1330 dies
667 1287 975 1347 noctesque
1004 1279 1268 1342 versaris;
1312 1280 1492 1330 omnis
1536 1280 1753 1330 labores
1797 1288 1852 1331 te

102 1370 356 1437 excipere
397 1370 584 1433 video;
632 1370 803 1421 timeo
847 1379 907 1421 ut
957 1370 1252 1422 sustineas,

556 1461 758 1529 Quare,
806 1470 866 1512 ut
911 1461 965 1512 id
1020 1462 1168 1529 quod
1212 1479 1403 1528 speras
1446 1469 1501 1512 et
1545 1462 1691 1529 quod
1732 1463 1851 1529 agis

103 1569 524 1620 consequamur,
558 1552 705 1603 servi
745 1552 1069 1604 valetudini.

102 1478 226 1512 esse
268 1461 468 1513 omnia.

103 1685 608 1731 tercession.—iacere‚
632 1691 730 1724 etc.:
767 1685 820 1723 cf.
855 1685 933 1736 Ep.

105 1742 210 1780 XII.
232 1754 254 1793 3
271 1743 404 1780 eodem
424 1743 470 1780 in
487 1743 572 1780 loco
593 1743 712 1786 iaceo,
728 1747 808 1780 etc.
840 1741 935 1780 The

102 1797 336 1836 infinitives
349 1798 526 1844 vexari,
542 1804 714 1843 etc.,are
729 1797 937 1836 exclama-

104 1861 210 1905 tory.
226 1877 280 1881 —
295 1854 375 1904 qui
398 1860 601 1900 ceteros,
618 1860 716 1891 eto:
750 1852 822 1891 the
845 1866 937 1892 exe-

103 1910 250 1948 cution
272 1910 320 1948 of
349 1910 557 1948 Lentulus
579 1908 665 1947 and
692 1908 758 1947 his
779 1908 937 1947 fellow-

103 1965 407 2016 conspirators,
430 1965 485 2018 by
507 1964 645 2004 which
670 1964 823 2003 Cicero
850 1964 936 2003 had

102 2021 234 2060 saved
270 2022 439 2059 Roman
473 2021 648 2060 citizens
680 2020 795 2058 from
826 2034 936 2059 mur-

103 2076 178 2116 der
206 2077 291 2115 and
313 2090 453 2121 arson,
473 2089 559 2115 was
582 2076 655 2115 the
676 2082 845 2127 pretext
867 2076 936 2115 for

104 2133 171 2172 his
193 2133 482 2172 banishment.

162 2201 195 2240 3.
238 2190 295 2228 de
337 2189 504 2227 domo:
555 2188 608 2228 cf.
654 2188 759 2227 Intr.
806 2187 937 2227 16.—--

103 2245 217 2284 illud
235 2245 387 2292 doleo,
407 2252 505 2283 eto:
538 2257 563 2283 a
584 2257 784 2283 common
809 2245 936 2283 Latin

103 2299 255 2347 idiom;
297 2301 351 2339 cf.
383 2302 470 2339 Att.
506 2312 539 2338 2.
575 2312 638 2349 24.
666 2312 679 2338 1
714 2314 820 2351 quas
844 2302 936 2338 Nu-

104 2358 247 2394 mestio
272 2358 432 2394 litteras
453 2357 559 2401 dedi,
583 2359 640 2394 sic
669 2362 707 2394 te
728 2358 781 2394 iis
802 2369 935 2394 evoca-

103 2413 209 2450 bam.
236 2436 290 2440 —
317 2412 566 2463 negotium
588 2427 595 2450 :
639 2413 700 2450 tle.
743 2412 934 2450 Cicero's

103 2468 244 2506 recall.
286 2469 509 2518 Mgrotimn
531 2467 631 2506 with
655 2468 728 2506 the
749 2467 867 2506 force
889 2467 936 2505 of

103 2537 169 2561 res
183 2524 217 2562 is
235 2523 480 2575 colloquial,
496 2523 581 2561 and
602 2523 805 2575 frequent
822 2523 864 2561 in
879 2523 935 2561 all

102 2579 288 2630 periods.
349 2579 418 2617 Cf.
441 2579 514 2618 the
531 2579 653 2630 slang
669 2579 934 2630 expression,

104 2636 226 2673 ‘Tell
260 2648 327 2673 me
364 2635 437 2673 the
469 2635 607 2673 whole
640 2634 936 2673 business.’—

105 2702 212 2729 mea
233 2691 349 2729 vita:
382 2691 434 2729 cf.
459 2697 560 2728 note
593 2703 709 2741 upon
732 2704 823 2728 mea
853 2691 934 2728 lux

104 2745 257 2785 above.
276 2771 330 2775 ——
352 2747 455 2785 sine
497 2747 618 2785 alios
652 2775 661 2784 .
698 2776 707 2784 .
743 2776 752 2785 .
788 2746 936 2785 susti-

104 2813 235 2841 nere:
278 2803 481 2840 Terentia
520 2801 739 2853 proposed
776 2811 820 2840 to
857 2802 934 2840 5611

104 2857 180 2896 her
202 2871 296 2896 own
319 2865 523 2910 property
544 2858 586 2895 in
610 2857 735 2896 order
757 2865 802 2895 to
826 2858 934 2896 raise

104 2926 261 2965 money
281 2913 349 2951 for
371 2914 443 2952 the
466 2917 677 2963 expenses
708 2913 935 2951 attendant

106 2982 221 3019 upon
245 2969 321 3008 her
342 2968 579 3007 husband’s
598 2969 738 3007 recall.
781 2969 935 3007 Cicero

105 3038 293 3075 opposes
329 3024 414 3063 this
455 3025 556 3075 plan
597 3024 683 3063 still
724 3037 842 3062 more
875 3037 936 3062 ur-

105 3081 250 3132 gently
271 3081 311 3118 in
334 3081 451 3118 Fam.
475 3091 534 3128 14.
559 3091 589 3117 1.
613 3091 632 3132 5
654 3081 842 3131 quodad
859 3093 932 3119 me.

1341 1370 1452 1422 Sed
1493 1371 1654 1422 video
1697 1371 1753 1421 in
1795 1379 1852 1422 te

1158 1554 1280 1620 Ego
1322 1553 1390 1604 ad
1433 1570 1571 1620 quos
1615 1553 1851 1604 scribam
1884 1575 1908 1611 4

1024 1699 1114 1724 mea
1146 1686 1353 1730 Terentia,
1375 1685 1522 1723 scribis
1543 1690 1578 1722 te
1602 1686 1738 1723 vicum
1761 1698 1851 1723 ven-

1023 1743 1227 1786 dituram,
1250 1742 1364 1792 quid,
1388 1741 1546 1779 obsecro
1565 1746 1611 1787 te,
1623 1763 1678 1768 —
1694 1754 1758 1778 me
1778 1743 1854 1779 mi-

1023 1810 1163 1835 serum
1181 1797 1198 1835 !
1209 1820 1263 1825 —
1279 1798 1389 1849 quid
1391 1797 1601 1848 futurum
1623 1802 1684 1834 est
1697 1797 1716 1835 ?
1745 1803 1794 1842 et,
1818 1799 1855 1834 si

1024 1866 1100 1891 nos
1138 1858 1307 1902 premet
1341 1854 1480 1890 eadem
1509 1853 1710 1904 fortuna,
1750 1854 1858 1903 quid

1029 1915 1167 1959 puero
1196 1910 1349 1947 misero
1374 1908 1488 1959 fiet?
1546 1907 1613 1946 Cf.
1646 1908 1738 1946 also
1774 1909 1851 1959 Ep.

1026 1965 1105 2002 XI.
1139 1965 1304 2016 3.——si
1345 1976 1421 2002 me
1464 1976 1618 2003 amas:
1662 1964 1747 2002 this
1788 1978 1854 2002 ex-

1023 2021 1219 2071 pression
1251 2019 1337 2059 and
1367 2021 1514 2058 amabo
1539 2026 1586 2066 te,
1608 2021 1665 2057 sis
1689 2020 1744 2071 (sz¹
1770 2022 1850 2071 vis)

1023 2076 1109 2115 and
1129 2077 1242 2115 sodes
1261 2076 1317 2127 (si
1330 2076 1474 2125 audes)
1494 2089 1566 2114 are
1587 2082 1653 2114 set
1673 2076 1854 2126 phrases

1022 2132 1066 2170 in
1125 2132 1359 2183 colloquial
1420 2132 1545 2170 Latin
1595 2131 1731 2170 which
1782 2144 1853 2170 are

1023 2187 1173 2240 joined
1206 2195 1250 2226 to
1273 2187 1415 2226 words
1447 2188 1494 2225 of
1523 2187 1755 2226 command
1785 2188 1854 2225 for

1025 2244 1098 2282 the
1119 2244 1224 2283 sake
1247 2243 1294 2282 of
1314 2243 1554 2294 politeness
1576 2242 1661 2282 and
1682 2243 1854 2294 empha-

1024 2300 1096 2345 sis,
1113 2314 1183 2350 eg.
1207 2301 1259 2338 da
1282 2300 1394 2337 milti
1421 2300 1506 2344 lzoc,
1529 2300 1614 2337 mel
1642 2313 1796 2345 meum,
1818 2301 1857 2337 si

1023 2369 1088 2394 me
1103 2369 1236 2401 amas,
1250 2357 1289 2393 si
1302 2356 1440 2400 audes,
1460 2356 1596 2393 Plaut.
1619 2356 1737 2393 Trin.
1755 2367 1852 2403 244;

1021 2412 1168 2450 amabo
1188 2417 1236 2456 te,
1258 2413 1299 2449 si
1322 2412 1430 2462 quid
1455 2411 1568 2461 quod
1593 2417 1694 2460 opus
1712 2411 1859 2462 fuerit

1023 2468 1160 2517 Appio
1187 2468 1335 2518 farcies,
1350 2468 1499 2517 ponito
1529 2480 1592 2505 me
1622 2468 1668 2504 in
1693 2468 1851 2517 gratia,

1023 2524 1143 2561 Fam.
1166 2522 1203 2561 8.
1227 2522 1264 2561 6.
1301 2533 1334 2575 5.
1396 2522 1464 2561 Cf.
1497 2523 1590 2560 also
1623 2522 1726 2560 Intr.
1763 2533 1852 2566 100,

1022 2578 1108 2616 and
1139 2579 1270 2617 Arclz.
1300 2579 1342 2630 f.
1384 2579 1456 2616 lat.
1494 2578 1596 2616 Lex.
1632 2577 1711 2615 IX.
1745 2577 1854 2629 485—

1022 2646 1114 2684 491·
1137 2658 1192 2663 —
1220 2634 1337 2672 mihi
1389 2640 1499 2672 ante
1541 2633 1707 2672 oculos
1749 2633 1852 2672 dies

1022 2697 1284 2740 noctesque
1308 2689 1536 2728 versaris:
1568 2701 1594 2726 a
1621 2689 1852 2740 colloquial

1021 2746 1245 2796 pleonasm
1290 2745 1426 2784 which
1474 2757 1624 2783 occurs
1668 2745 1761 2783 also
1810 2744 1852 2782 in

1022 2802 1141 2839 Fam.
1170 2813 1229 2849 14.
1254 2813 1289 2852 3.
1316 2813 1349 2845 2,
1373 2800 1457 2839 and
1486 2800 1629 2838 would
1657 2807 1734 2838 not
1764 2813 1854 2851 per—

1022 2857 1130 2907 haps
1153 2857 1263 2895 have
1285 2856 1394 2895 been
1418 2855 1660 2908 employed,
1676 2855 1762 2894 had
1781 2856 1853 2894 the

1022 2913 1161 2951 writer
1182 2912 1290 2950 been
1317 2912 1359 2949 in
1392 2925 1417 2949 a
1447 2912 1607 2950 calmer
1636 2911 1774 2950 frame
1807 2912 1854 2950 of

1022 2968 1151 3005 mind.
1206 2969 1287 3006 See
1309 2975 1412 3005 note
1435 2973 1480 3005 to
1503 2968 1655 3013 nisisi,
1684 2979 1715 3005 1.
1770 2967 1852 3013 Cf„

1022 3023 1233 3068 however,
1267 3023 1378 3061 milti
1411 3024 1489 3060 soli
1526 3029 1724 3061 versatur
1756 3030 1854 3062 ante

1021 3080 1166 3123 oculos,
1191 3079 1304 3116 Lael.
1334 3090 1421 3116 102.
