2067 3332
85 163 206 202 Fam.
234 171 294 199 11.
320 159 406 213 27.]
647 156 929 197 CICERO’S
972 156 1264 195 LETTERS.
1754 150 1835 193 267

83 308 332 354 vertatur
360 298 622 368 quicquid
650 297 849 361 facias;
891 296 1283 348 malevolentia
1311 303 1496 346 autern
1528 293 1831 354 hominum,

84 401 144 444 ut
187 391 456 444 nonnulla
497 390 688 442 durius
733 406 899 457 quam
942 406 973 439 a
1015 396 1071 439 te
1113 388 1262 439 facta
1304 386 1416 438 sint
1461 385 1830 452 proferantur.

84 485 168 535 Ea
209 491 270 534 tu
313 483 358 534 si
399 499 510 533 non
540 481 710 542 audiS,
757 480 887 547 quid
929 479 1108 531 dicam
1152 478 1358 530 nescio,
1444 476 1735 544 Equidem,
1789 475 1835 526 si

83 575 307 643 quando
349 572 528 644 audio,
561 579 675 623 tam
718 570 961 622 defendo
1005 588 1169 638 quam
1204 586 1292 621 me
1332 568 1445 620 scio
1485 586 1517 619 a
1548 575 1606 618 te
1641 574 1835 618 contra

84 665 305 733 iniquos
357 643 515 715 meos
573 662 753 715 solere
809 661 1054 714 defendi.
1139 660 1414 712 Defensio
1488 666 1674 710 autem
1750 664 1833 708 est

81 756 313 823 duplex:
368 742 474 806 alia
529 762 660 806 sunt
704 770 846 821 quae
889 752 1099 820 liquido
1141 768 1347 819 negare
1393 750 1617 811 soleam,
1662 755 1724 800 ut
1767 749 1835 799 de

82 847 189 899 isto
221 847 340 914 ipso
376 845 672 913 suffragi03
715 844 821 896 alia
849 860 991 912 quae
1025 843 1321 894 defendam
1356 859 1388 893 a
1421 849 1479 893 te
1512 841 1600 907 pie
1632 839 1750 890 fieri
1781 846 1834 890 et

83 937 341 999 humane,
387 943 448 988 ut
491 937 560 987 de
603 935 891 988 curatione
940 934 1213 986 ludorum.
1300 933 1410 985 Sed
1453 940 1510 982 te
1552 930 1834 982 hominem

83 1028 468 1081 doctissimum
519 1044 630 1079 non
684 1025 848 1094 fugit,
894 1025 940 1077 si
997 1025 1202 1077 Caesar
1258 1041 1353 1076 rex
1405 1021 1834 1089 fuerit—quod

82 1119 219 1170 mihi
261 1119 486 1187 quidem
529 1118 766 1179 videtur,
791 1150 868 1155 —
925 1116 981 1167 in
1025 1124 1318 1183 utramque
1359 1122 1573 1182 partem
1616 1114 1685 1164 de
1738 1119 1836 1163 tuo

83 1210 265 1263 officio
307 1209 580 1277 disputari
624 1225 806 1277 posse,
851 1207 941 1260 vel
984 1207 1039 1258 in
1083 1224 1203 1259 eam
1246 1224 1353 1274 qua
1395 1223 1498 1273 ego
1542 1205 1692 1256 soleo
1734 1203 1832 1264 uti,

81 1301 415 1353 laudandam
470 1317 596 1352 esse
650 1300 816 1351 fidem
887 1306 943 1350 et
1016 1298 1423 1350 humanitatem
1498 1304 1669 1357 tuam,
1743 1294 1837 1362 qui

83 1392 321 1445 amicum
364 1392 530 1444 etiam
576 1399 859 1443 mortuum
903 1390 1118 1458 diligas,
1162 1389 1251 1440 vel
1293 1390 1347 1440 in
1392 1406 1512 1439 eam
1555 1404 1664 1454 qua
1704 1402 1839 1436 non-

84 1483 223 1535 nulli
296 1491 547 1544 utuntur,
606 1483 925 1556 libertatem
997 1481 1209 1548 patriae
1266 1481 1412 1531 vitae
1467 1478 1631 1530 amici
1686 1484 1838 1528 ante-

84 1575 417 1642 ponendam.
503 1575 588 1625 Ex
621 1573 713 1625 >his
749 1572 1101 1624 sermonibus
1141 1572 1352 1623 utinam
1388 1577 1578 1622 essent
1621 1568 1837 1620 delatae

84 1666 153 1717 ad
182 1673 239 1717 te
277 1664 687 1733 disputationes
722 1665 902 1716 meae!
989 1663 1091 1714 Illa
1119 1680 1250 1714 vero
1285 1664 1393 1713 duo
1432 1678 1573 1729 quae
1602 1659 1839 1711 maxima

85 1763 216 1808 sunt
258 1755 484 1808 laudum
526 1763 766 1817 tuarum,
798 1755 921 1823 quis
951 1762 1044 1806 aut
1074 1754 1337 1805 libentius
1367 1770 1531 1820 quam
1562 1769 1666 1819 ego
1696 1768 1839 1803 com-

84 1854 353 1898 memorat
383 1854 477 1898 aut
509 1846 774 1914 saepius?
818 1854 875 1897 te
905 1854 961 1897 et
992 1862 1103 1897 non
1135 1844 1476 1911 suscipiendi
1504 1843 1633 1895 belli
1662 1842 1836 1894 civilis

87 1937 478 2005 gravissimum
523 1945 810 1990 auctorem
853 1937 1026 1988 fuisse
1062 1944 1117 1987 et
1157 1936 1526 1987 moderandae
1555 1934 1834 1995 victoriae,

86 2027 142 2079 in
191 2046 299 2096 quo
355 2028 449 2097 qui
505 2028 641 2079 mihi
698 2045 812 2080 non
868 2027 1245 2079 adsentiretur
1301 2026 1489 2077 inveni
1537 2016 1833 2091 neminem.

88 2119 276 2187 Quare
306 2120 485 2171 habeo
515 2119 751 2188 gratiam
776 2119 1042 2171 Trebatio
1071 2118 1330 2169 familiari
1359 2125 1551 2168 nostro
1580 2116 1675 2184 qui
1703 2116 1837 2166 mihi

85 2210 239 2261 dedit
283 2228 506 2262 causam
541 2211 736 2262 harum
778 2210 1106 2271 litterarum,
1140 2210 1341 2276 quibus
1381 2208 1488 2259 nisi
1518 2207 1834 2267 credideriS,

87 2318 176 2352 me
204 2301 385 2353 omnis
415 2301 561 2353 offici
592 2309 646 2352 et
678 2301 1044 2359 humanitatis
1081 2308 1365 2368 expertem
1404 2299 1687 2361 iudicaris;
1729 2315 1838 2365 quo

86 2409 189 2444 nec
218 2392 354 2442 mihi
383 2392 608 2460 gravius
639 2392 934 2460 quicquam
964 2399 1154 2460 potest
1185 2408 1308 2442 esse
1337 2407 1442 2442 nec
1471 2397 1529 2441 te
1558 2389 1810 2440 alienius.

90 2540 266 2585 Ciceros,
290 2550 449 2590 29—30;
485 2538 695 2586 Schmidt,
714 2539 917 2591 Kc'z'mpfe,
1006 2538 1145 2577 which
1170 2538 1333 2576 Caesar
1363 2535 1451 2575 had
1472 2535 1620 2574 vowed
1644 2541 1689 2573 at
1713 2535 1841 2574 Phar-

87 2593 201 2645 718).
283 2594 363 2634 See
410 2595 515 2633 Intr.
551 2606 616 2643 40.
635 2618 690 2623 —
707 2595 921 2634 malevo-
1007 2595 1136 2639 salus,
1160 2593 1248 2632 and
1269 2592 1406 2631 which
1430 2605 1540 2631 were
1560 2592 1686 2643 given
1707 2592 1749 2630 in
1772 2591 1839 2630 his

86 2650 258 2689 lentia:
290 2651 622 2702 sc.sacz't.—-ea
645 2680 653 2687 .
679 2680 689 2689 .
714 2680 724 2689 .
748 2651 919 2690 audis:
1007 2663 1135 2689 name
1174 2649 1219 2688 in
1262 2649 1372 2702 July,
1413 2660 1467 2697 44
1509 2658 1590 2686 B.C.
1652 2647 1720 2686 Cf.
1760 2648 1838 2698 Ep.

87 2706 186 2744 with
239 2706 456 2745 reference
506 2712 551 2745 to
607 2707 921 2746 nonnulla.—-
1008 2706 1156 2745 XCII.
1180 2704 1217 2744 6.

85 2762 291 2813 liquido:
333 2774 359 2800 a
389 2761 506 2800 word
544 2761 649 2801 used
680 2762 735 2814 by
768 2763 919 2801 Cicero
1062 2761 1100 2801 8.
1132 2761 1405 2801 libertatem
1429 2789 1438 2798 .
1463 2789 1473 2798 .
1498 2788 1507 2798 .
1541 2765 1840 2810 anteponen-

87 2819 190 2870 only
215 2818 256 2856 in
289 2817 355 2857 his
387 2818 502 2870 early
532 2818 727 2857 orations
758 2817 846 2857 and
877 2819 919 2856 in
1008 2818 1149 2857 darn:
1182 2817 1267 2855 this
1297 2829 1384 2855 was
1415 2815 1629 2867 probably
1652 2815 1841 2854 Cicero's

87 2874 154 2913 his
185 2874 344 2912 letters.
408 2874 488 2913 See
525 2874 618 2912 also
653 2874 842 2925 Spengel
874 2880 920 2912 to
1008 2875 1094 2913 real
1115 2874 1230 2912 view.
1274 2872 1341 2911 Cf.
1361 2873 1447 2910 Att.
1472 2882 1531 2923 15.
1551 2883 1584 2909 2.
1603 2872 1840 2923 3lud0rum

87 2930 185 2968 Ter.
209 2930 325 2968 And.
358 2940 450 2980 729.
467 2930 819 2969 —defendarn:
850 2929 920 2968 for
1007 2959 1015 2967 .
1040 2959 1047 2966 .
1072 2959 1079 2966 .
1108 2934 1343 2979 apparatus
1363 2934 1403 2966 et
1422 2928 1590 2966 Alatius
1617 2941 1666 2965 ac
1696 2929 1843 2966 Postu-

87 2985 341 3037 defi’ndendz'
371 2999 496 3025 causa
529 2987 664 3024 dicam
682 2999 700 3032 ,·
742 2986 796 3025 cf.
819 2987 920 3025 llaec
1006 2987 1118 3023 mins
1135 2986 1247 3022 mila·
1255 2989 1554 3033 procuratores
1565 2997 1648 3021 non
1655 2984 1840 3033 placent.

87 3042 244 3080 iocatus
273 3055 381 3088 sum,
417 3042 494 3092 Ep.
524 3042 806 3080 LXXXVII.
829 3054 854 3091 4
877 3055 916 3079 n.
1008 3041 1074 3079 Cf.
1117 3041 1209 3079 also
1250 3039 1408 3078 introd.
1448 3046 1564 3078 note.
1586 3063 1640 3067 —
1661 3045 1708 3078 te
1742 3068 1753 3078 .
1787 3068 1797 3078 .
1831 3067 1842 3078 .

88 3121 142 3126 —-
158 3097 216 3136 de
232 3097 479 3137 curatione
502 3097 725 3137 ludorum
743 3112 751 3136 :
769 3110 918 3149 games
1005 3103 1252 3136 auctorem
1285 3095 1462 3135 fuisse:
1494 3095 1547 3134 cf.
1570 3096 1729 3143 consili,
1753 3106 1777 3148 3
1801 3107 1841 3133 n.
