2067 3332
89 131 209 170 Fam.
238 140 297 168 12.
322 127 379 181 5.]
652 128 932 168 CICERO'S
976 129 1266 170 LETTERS.
1756 132 1835 181 275

87 269 290 338 agendi
331 267 674 336 providendi.
761 268 889 320 Hoc
932 269 1173 337 denique
1213 270 1398 322 animo
1443 288 1565 323 sum
1596 279 1673 334 ut,
1707 273 1753 323 si
1783 273 1838 323 in

89 362 190 413 hac
233 377 364 413 cura
402 367 571 428 atque
612 359 1096 412 administratione
1125 361 1240 412 vita
1280 362 1416 413 mihi
1457 364 1718 429 ponenda
1746 363 1834 425 sit,

88 451 369 520 praeclare
409 459 597 503 actum
642 468 862 502 mecum
906 459 1114 518 putem.

87 543 224 596 vale.

1203 453 1389 504 Etiam
1445 461 1614 521 atque
1670 454 1836 505 etiam

629 690 806 742 XCV.
895 690 1067 758 (Fam.
1109 705 1190 742 12.
1231 691 1297 759 5.)

687 837 919 876 CICERO
953 837 1174 876 CASSIO
1210 838 1252 877 S.

167 950 432 1002 Hiemem
475 950 641 1002 credo
684 950 865 1002 adhuc
904 949 1258 1017 prohibuisse
1301 967 1410 1018 quo
1453 950 1637 1003 minus
1680 953 1748 1003 de
1782 960 1839 1003 te
1873 980 1890 1007 1

88 1050 303 1094 certum
347 1042 681 1093 haberemus
720 1041 853 1109 quid
888 1058 1084 1109 ageres
1126 1042 1477 1110 maximeque
1520 1043 1614 1094 ubi
1658 1060 1813 1095 esses
1828 1061 1839 1106 ;

87 1133 461 1201 loquebantur
509 1149 703 1184 omnes
753 1133 1239 1195 tamen—credO,
1285 1134 1433 1200 quod
1481 1133 1840 1185 volebant—

89 1225 144 1275 in
182 1224 344 1294 Syria
377 1232 435 1275 te
468 1241 609 1286 esse,
642 1224 848 1275 habere
888 1224 1091 1291 copias.
1180 1225 1244 1275 Id
1286 1232 1472 1276 autem
1514 1242 1579 1276 eo
1617 1225 1838 1277 facilius

88 1316 433 1378 credebatur,
486 1316 616 1383 quia
664 1315 847 1367 simile
897 1316 1012 1366 veri
1059 1315 1368 1368 videbatur.

87 1407 213 1459 dem
244 1414 436 1459 noster
465 1406 746 1475 egregiam
777 1406 996 1458 laudem
1027 1414 1111 1458 est
1143 1415 1509 1470 consecutus;
1571 1425 1658 1459 res
1690 1408 1838 1459 enim

87 1505 273 1550 tantas
328 1498 504 1566 gessit
561 1505 787 1565 tamque
842 1498 1157 1565 inopinatas
1213 1506 1273 1549 ut
1331 1515 1428 1549 eae
1470 1516 1595 1550 cum
1639 1516 1737 1565 per
1778 1515 1839 1549 se

87 1597 279 1657 gratae
335 1597 543 1651 essent,
601 1597 722 1640 tum
791 1589 1101 1641 ornatiores
1173 1597 1401 1656 propter
1444 1589 1834 1642 „celeritatem

90 1680 257 1748 Quod
299 1680 347 1732 si
388 1688 451 1732 tu
494 1697 559 1731 ea
599 1687 761 1731 tenes
805 1697 947 1748 quae
988 1688 1265 1747 putamUS,
1312 1680 1529 1747 magnis
1574 1680 1838 1731 subsidiis

86 1771 229 1823 fulta
262 1789 350 1823 res
389 1789 440 1839 p.
483 1779 596 1835 est;
638 1789 669 1823 a
702 1771 879 1838 prima
916 1771 1066 1822 enim
1110 1789 1205 1822 ora
1250 1771 1518 1823 Graeciae
1561 1788 1738 1838 usque
1771 1772 1839 1822 ad

87 1862 418 1932 Aegyptum
461 1862 799 1930 optimorum
850 1862 1053 1914 civium
1098 1862 1346 1930 imperiis
1389 1862 1591 1913 muniti
1634 1862 1838 1913 erimus

87 1961 143 2006 et
193 1954 383 2022 copiiS.
471 1954 842 2022 Quamquam,
899 1954 1008 2005 nisi
1058 1971 1146 2004 me
1195 1953 1441 2015 fallebat,
1502 1970 1588 2004 res
1644 1970 1704 2004 se
1760 1953 1839 2004 sic
1873 1977 1894 2003 2

87 2045 328 2097 habebat
378 2053 439 2097 ut
487 2045 662 2097 totius
712 2045 843 2096 belli
895 2061 1061 2096 omne
1104 2044 1405 2096 discrimen
1450 2044 1506 2094 in
1551 2045 1620 2095 D.
1664 2044 1838 2094 Bruto

1470 1317 1676 1367 Brutus
1726 1317 1840 1384 qui-

145 2182 288 2222 XCV.
322 2182 476 2229 Rome,
500 2181 573 2221 the
597 2181 726 2220 latter
754 2179 848 2219 half
878 2179 926 2218 of

91 2238 209 2284 Feb„
233 2250 286 2290 43
309 2249 394 2277 B.c.

150 2306 184 2332 1.
216 2294 521 2346 prohibuisse
545 2305 640 2345 quo
658 2293 821 2332 minus
845 2321 855 2331 .
881 2321 891 2330 .
918 2322 925 2330 .

87 2351 406 2390 haberemus:
439 2350 512 2389 the
539 2349 659 2388 infin.
680 2349 717 2388 is
739 2349 813 2388 the
835 2360 924 2399 reg-

88 2407 181 2445 ular
229 2406 424 2446 classical
474 2405 774 2445 construction
824 2404 926 2442 with

81 2463 304 2515 prohibere
337 2462 410 2513 (cf.
457 2476 544 2501 rem
576 2463 676 2513 geri
703 2460 928 2511 prohibue-

87 2524 170 2564 rat,
195 2518 252 2569 2),
275 2518 354 2557 but
376 2532 427 2558 ne
448 2517 533 2556 and
554 2531 635 2569 quo
655 2518 802 2555 minus
824 2516 926 2555 with

87 2574 161 2613 the
192 2573 306 2626 subj.
337 2574 589 2613 sometimes
619 2573 780 2619 follow,
809 2585 928 2623 espe-

86 2630 211 2683 cially
250 2630 374 2669 when
416 2630 643 2680 prohibere
682 2629 717 2667 is
757 2629 798 2667 in
853 2628 926 2666 the

86 2685 373 2725 infinitive.—-
395 2686 443 2725 in
496 2685 634 2735 Syria
684 2691 731 2723 te
781 2696 891 2723 esse
917 2698 925 2721 ε

88 2741 268 2781 Cassius
318 2741 530 2793 probably
570 2739 756 2779 reached
803 2740 927 2792 Syria

87 2803 131 2836 at
164 2797 237 2836 the
268 2798 385 2836 close
426 2797 474 2836 of
502 2797 575 2835 the
617 2809 717 2849 year
756 2807 809 2844 44
842 2805 925 2833 B.C.

89 2853 160 2904 (cf.
184 2855 305 2892 Fam.
334 2865 394 2891 12.
427 2865 464 2901 4.
500 2853 555 2903 2),
588 2852 674 2891 and
715 2851 801 2890 had
835 2851 927 2889 ulti-

87 2909 248 2961 mately
265 2916 309 2947 at
331 2909 439 2947 least
462 2908 580 2958 eight
601 2908 768 2958 legions
794 2913 837 2945 at
859 2906 926 2945 his

87 2964 291 3015 disposal.
341 2988 397 2992 —
421 2965 603 3003 Brutus
629 2993 638 3001 .
664 2993 673 3001 .
700 2992 709 3001 .
733 2969 926 3002 noster:

87 3020 140 3058 cf.
176 3021 281 3059 Intr.
303 3019 355 3059 88
379 3021 400 3058 b
424 3019 499 3071 (3).
516 3031 611 3057 —a
643 3019 797 3070 prima
829 3030 926 3064 ora,

91 3077 210 3128 from
257 3076 326 3115 tlte
365 3076 510 3114 lzitlzer
558 3075 679 3114 slzore
724 3075 802 3126 (i.e.
853 3074 926 3112 the

1004 2177 1133 2216 shore
1173 2177 1346 2229 beyond
1388 2176 1462 2215 the
1496 2175 1732 2227 Adriatic);
1783 2175 1838 2214 cf.

1003 2234 1196 2284 Plzilzpp.
1242 2245 1304 2272 10.
1349 2245 1398 2271 10
1442 2238 1609 2271 exterae
1648 2233 1838 2270 nationes

1002 2304 1028 2328 a
1061 2291 1213 2340 prima
1253 2303 1329 2328 ora
1375 2290 1572 2327 Graeciae
1613 2301 1744 2339 usqne
1782 2288 1843 2326 ad

1004 2347 1042 2384 A
1047 2352 1241 2397 egyptum
1262 2347 1516 2394 optimorum
1536 2349 1575 2381 et
1581 2344 1838 2395 fortissimo-

1004 2416 1101 2440 rum
1130 2402 1286 2440 civium
1322 2401 1517 2450 imperiis
1546 2405 1585 2437 et
1604 2400 1838 2448 praesidiis

1002 2464 1212 2497 tenentur.
1288 2456 1358 2494 Cf.
1399 2456 1490 2493 also
1533 2456 1630 2494 ibid.
1677 2466 1739 2492 10.
1789 2465 1836 2503 14

1001 2520 1110 2553 tenet
1122 2515 1254 2564 igitur
1267 2526 1333 2550 res
1339 2512 1510 2562 publica
1525 2511 1729 2549 lllacedon
1735 2512 1834 2556 iam,

1000 2576 1110 2609 tenet
1140 2569 1380 2619 Illyricum,
1417 2572 1558 2605 tuetur
1601 2568 1834 2605 Graeciam.

1003 2627 1089 2664 For
1110 2638 1135 2664 a
1165 2624 1318 2664 sketch
1352 2623 1399 2661 of
1431 2623 1503 2661 the
1535 2635 1758 2661 successes
1790 2621 1838 2660 of

1001 2683 1063 2720 M.
1083 2682 1255 2726 Brutus,
1279 2679 1334 2719 cf.
1352 2680 1450 2718 ibid.
1477 2690 1539 2717 10.
1565 2689 1710 2729 13—14.
1767 2677 1834 2716 Cf.

999 2738 1091 2777 also
1117 2738 1220 2775 Intr.
1243 2747 1308 2787 43.

1058 2805 1093 2831 2.
1126 2792 1323 2831 fallebat
1345 2805 1352 2828 ε
1377 2790 1610 2841 epistolary
1631 2795 1766 2835 tense,
1788 2802 1834 2829 as

1000 2862 1070 2888 are
1088 2849 1161 2887 the
1184 2855 1329 2886 tenses
1346 2846 1393 2884 of
1415 2852 1529 2884 most
1548 2845 1594 2883 of
1618 2845 1690 2883 the
1708 2845 1835 2884 verbs

1000 2906 1042 2943 in
1066 2904 1151 2943 this
1174 2903 1353 2943 section.
1371 2901 1719 2940 —discrimenz
1744 2901 1835 2939 Cic-

1001 2973 1074 3000 ero
1116 2971 1340 3010 expresses
1382 2957 1455 2996 the
1496 2969 1614 2996 same
1656 2957 1834 3007 opinion

1001 3016 1121 3055 three
1153 3014 1330 3053 months
1362 3014 1470 3051 later
1501 3013 1543 3050 in
1576 3025 1601 3050 a
1631 3013 1758 3051 letter
1789 3019 1834 3051 to

1003 3073 1057 3110 D.
1076 3072 1235 3110 Brutus
1257 3069 1433 3107 himself
1458 3069 1554 3119 (Ep.
1573 3068 1741 3107 XCIX.
1761 3068 1801 3119 2)
1825 3083 1834 3106 :
