2067 3332
88 128 90 130 ’
116 125 202 162 Att.
226 136 262 176 3.
291 124 372 177 12.]
688 127 965 167 CICERo‘s
1010 130 1298 170 LETTERS.
1817 134 1867 175 53

114 281 448 331 quamquam
477 265 708 316 ferenda
737 283 847 317 non
879 276 1027 330 sunt,
1059 269 1321 322 feramus,
1394 271 1586 339 Atque
1617 290 1737 341 eg0,
1773 277 1867 342 qui

1260 361 1518 413 Clodium
1557 363 1867 417 Philhetae-
1899 372 1924 411 6

113 462 234 496 rum
264 447 410 513 quod
440 446 759 506 valetudine
798 449 1082 501 oculorum
1126 451 1547 518 impediebatur,
1581 454 1864 508 hominem

113 536 348 598 fidelem,
394 536 597 590 remisi.
686 538 984 591 Sallustius
1032 541 1213 593 officio
1257 543 1430 594 vincit
1475 561 1685 598 omnes.
1772 547 1865 598 Pe-

112 626 374 678 scennius
417 635 502 678 est
544 629 951 695 perbenevolus
998 632 1175 693 nobiS,
1224 650 1391 700 quem
1437 651 1659 702 semper
1701 654 1864 704 spero

111 717 192 768 tui
220 717 341 768 fore
371 719 778 772 observantem.
854 721 982 773 Sica
1011 722 1224 774 dixerat
1257 741 1316 775 se
1346 742 1567 777 mecum
1602 727 1738 789 fore,
1767 730 1864 779 sed

113 808 411 860 Brundisio
441 809 716 862 discessit.
757 809 759 811 ’
804 811 965 874 Cura,
1000 814 1147 881 quod
1177 823 1356 881 poteS‚
1390 824 1450 866 ut
1482 817 1667 868 valeas
1697 826 1752 869 et
1784 818 1863 870 sic

111 900 412 962 existimes,
446 919 534 952 me
565 902 953 954 vehementius
986 911 1082 955 tua
1120 905 1344 956 miseria
1373 924 1537 974 quam
1569 924 1692 959 mea
1721 926 1864 960 com-

110 991 332 1043 moveri.
419 993 548 1043 Mea
588 993 868 1055 Terentia,
916 994 1184 1046 fidissima
1232 1004 1399 1064 atque
1455 997 1667 1064 optima
1709 1016 1860 1062 uxor,

110 1090 322 1133 etmea
361 1082 646 1134 carissima
681 1083 850 1136 filiola
887 1093 942 1135 et
982 1103 1110 1152 spes
1153 1086 1364 1154 reliqua
1407 1096 1612 1150 nostra,
1648 1088 1859 1152 Cicero,

110 1173 305 1225 valete.
394 1174 476 1226 Pr.
511 1175 582 1226 K.
618 1174 750 1227 Mai.
835 1175 1150 1229 Brundisio,

114 362 170 405 te
200 355 484 417 confirmO,
519 356 639 423 ipse
669 374 756 408 me
786 375 897 409 non
927 376 1172 425 possum.

704 1373 839 1425 XII.
903 1374 1041 1443 (Att.
1076 1389 1122 1440 3.
1165 1377 1270 1440 12.)

647 1505 879 1545 CICERO
922 1507 1155 1546 ATTICO
1199 1508 1325 1547 SAL.

185 1620 271 1671 Tu
302 1619 525 1687 quidem
556 1618 751 1670 sedulo
780 1619 1189 1686 argumentari-s
1219 1620 1351 1687 quid
1395 1622 1467 1672 sit
1504 1625 1856 1689 sperandum,
1897 1651 1911 1678 1

107 1718 162 1762 et
193 1710 429 1761 maxime
458 1691 556 1777 per
584 1717 858 1771 senatum,
893 1709 1152 1777 idemque
1183 1720 1348 1778 caput
1394 1713 1699 1780 rogationis
1742 1733 1862 1781 pro-

107 1801 237 1868 poni
281 1801 496 1862 scribiS,
542 1817 711 1868 quare
754 1800 810 1851 in
854 1809 1055 1852 senatu
1097 1801 1205 1853 dici
1248 1802 1386 1852 nihil
1428 1803 1618 1866 liceat;
1675 1805 1861 1873 itaque

107 1892 318 1944 siletur.
386 1892 498 1944 Hic
527 1900 590 1943 tu
619 1909 708 1943 me
738 1909 967 1943 accusas
998 1892 1146 1959 quod
1176 1909 1265 1943 me
1295 1892 1592 1956 adflictem,
1627 1913 1752 1947 curn
1784 1897 1861 1948 ita

162 2011 198 2050 6.
243 1996 466 2050 Clodiurn
559 2011 936 2059 Philhetaerum,
1029 2010 1165 2050 under
1187 2010 1260 2050 the
1281 2012 1525 2062 protection
1547 2013 1594 2052 of
1616 2013 1689 2053 the
1712 2028 1861 2067 quaes-

109 2067 383 2114 Sallustius,
428 2067 764 2106 Pescennius:
802 2067 939 2106 freed-

107 2123 438 2163 men.—Sica:
481 2123 534 2162 cf.
569 2124 647 2174 Ep.
688 2124 939 2174 X.—per-

105 2179 394 2219 benevolus:
435 2179 488 2218 cf.
523 2179 628 2217 Intr.
661 2180 937 2230 77.—qu0d

105 2242 271 2286 potes:
312 2235 414 2274 with
441 2241 562 2285 posse
593 2235 667 2274 the
700 2235 938 2274 restrictive

106 2291 281 2330 relative
323 2292 437 2343 quod
467 2290 552 2329 and
587 2292 700 2342 quod
735 2293 825 2329 eius
865 2303 936 2329 are

105 2346 226 2386 often
247 2346 387 2385 found
403 2346 504 2385 with
527 2346 601 2385 the
631 2346 757 2386 indic.
780 2347 822 2385 in
845 2347 938 2385 Cic-

105 2415 178 2441 ero
201 2402 285 2441 and
306 2403 349 2441 in
375 2403 567 2441 Terence
592 2402 805 2454 (Bockel).
867 2402 935 2441 Cf.

106 2460 191 2497 Att.
215 2470 276 2497 10.
301 2470 336 2496 2.
358 2470 378 2496 2
401 2464 446 2496 tu
468 2464 623 2504 tamen,
641 2459 756 2509 quod
766 2459 934 2508 poteris,

106 2520 154 2552 ut
172 2515 311 2553 adlzuc
320 2515 476 2565 fecisti,
500 2527 575 2552 nos
604 2515 793 2552 consiliis
820 2515 938 2552 iuva·

103 2570 174 2608 bis.
220 2571 272 2608 In
294 2570 380 2609 this
401 2570 540 2615 letter,
558 2582 641 2608 one
658 2569 705 2608 of
726 2569 799 2608 the
821 2576 937 2609 most

103 2625 289 2665 familiar
329 2625 414 2664 and
466 2625 727 2664 unreserved
777 2625 820 2664 in
863 2626 936 2664 the

105 2681 492 2732 correspondence,
534 2681 654 2720 there
695 2681 730 2720 is
771 2693 796 2719 a
843 2694 935 2732 pro-

104 2737 305 2776 nounced
344 2737 576 2788 colloquial
617 2743 733 2783 tone,
766 2751 838 2787 eg.
877 2739 936 2775 sic

103 2807 242 2844 agam,
254 2798 516 2832 transactum
535 2798 594 2831 est
608 2793 682 2844 (3),
695 2794 844 2843 oppido
858 2792 933 2843 (4),

104 2848 190 2888 and
206 2855 308 2888 esset
321 2850 484 2888 licitum
500 2848 575 2900 (5).
587 2873 641 2876 —
657 2849 934 2888 Brundisio:

104 2904 156 2943 cf.
182 2905 284 2943 Intr.
309 2904 374 2944 62.
606 2924 617 2931 .

162 2961 268 2999 XII.
301 2959 625 3005 Thessalonica,
659 2960 756 3012 July
792 2972 852 3009 17,
887 2959 933 3012 58

106 3026 188 3054 ΒΕ.
221 3016 375 3055 Cicero
393 3015 544 3067 stayed
561 3015 935 3064 atThessalonica

103 3071 215 3110 from
250 3072 352 3124 May
382 3078 427 3109 to
461 3070 725 3118 November,
748 3071 803 3127 >58
837 3081 932 3117 B.c.,

1027 2073 1096 2106 tor
1120 2067 1333 2106 Plancius.

1087 2134 1119 2161 Ι.
1165 2124 1350 2163 sedulo:
1386 2124 1598 2178 probably
1631 2125 1744 2165 from
1786 2127 1860 2166 the

1026 2180 1375 2218 conversational
1416 2181 1689 2235 vocabulary,
1727 2183 1759 2221 if
1798 2197 1859 2222 we

1026 2247 1124 2287 may
1154 2234 1288 2286 judge
1318 2235 1433 2274 from
1463 2236 1518 2275 its
1553 2237 1786 2291 frequency
1817 2240 1858 2277 in

1025 2290 1208 2343 comedy
1229 2290 1314 2329 and
1335 2291 1377 2329 in
1401 2291 1473 2330 the
1488 2293 1678 2339 Letters,
1698 2294 1782 2332 and
1804 2295 1859 2334 its

1024 2346 1306 2399 infrequency
1327 2349 1414 2397 (eg.
1434 2348 1522 2386 Cic.
1546 2349 1595 2386 de
1615 2350 1713 2387 Fz‘n.
1733 2362 1768 2402 3.
1791 2350 1857 2398 16;

1027 2402 1145 2455 Livy,
1167 2414 1228 2454 34.
1252 2414 1312 2451 14.
1333 2402 1374 2454 3)
1392 2403 1635 2443 elsewhere.
1673 2405 1741 2444 Cf.
1760 2407 1856 2445 Ter.

1025 2459 1107 2496 Ad.
1143 2469 1232 2510 251,
1264 2470 1364 2510 413;
1405 2460 1525 2497 Eun.
1559 2460 1658 2512 3623
1700 2462 1856 2501 Heaut.

1029 2513 1130 2562 126;
1167 2514 1255 2552 Cic.
1288 2516 1375 2553 Att.
1407 2526 1445 2565 9.
1483 2526 1543 2567 15.
1575 2515 1629 2564 6;
1665 2517 1786 2555 Fam.
1822 2528 1855 2570 5.

1029 2580 1077 2608 10
1099 2580 1140 2607 A.
1166 2581 1201 2607 2.
1264 2570 1304 2608 It
1325 2570 1361 2609 is
1382 2570 1522 2609 found
1543 2571 1733 2611 oftenest
1754 2573 1855 2612 with

1025 2626 1157 2677 facio.
1180 2649 1228 2653 -
1256 2633 1401 2676 caput
1435 2655 1444 2664 .
1479 2656 1489 2665 .
1523 2656 1533 2665 .
1572 2628 1760 2667 scribis:
1801 2628 1854 2668 cf.

1024 2682 1111 2720 Att.
1136 2693 1172 2733 3.
1210 2692 1270 2733 15.
1303 2682 1329 2721 6
1358 2688 1404 2719 at
1441 2688 1528 2720 tute
1565 2685 1775 2732 scripsisti
1801 2686 1862 2723 ad

1024 2751 1088 2775 me
1120 2738 1327 2788 quoddam
1363 2744 1489 2787 caput
1517 2739 1619 2789 legis
1660 2740 1852 2779 Clodium

1022 2794 1068 2830 in
1091 2794 1233 2831 curiae
1245 2799 1362 2842 poste
1377 2793 1532 2843 fixisse
1554 2804 1618 2832 NE
1651 2804 1854 2834 REFERRI

1025 2858 1151 2886 NEVE
1174 2858 1271 2886 mel
1304 2858 1502 2887 LICERET
1526 2849 1553 2901 (‘
1573 2849 1666 2889 that
1687 2864 1744 2889 no
1767 2864 1854 2890 mo-

1023 2904 1113 2942 tion
1150 2903 1307 2942 should
1347 2903 1399 2942 be
1439 2904 1628 2955 brought
1668 2906 1853 2946 forward

1022 2959 1108 2998 and
1158 2972 1214 2997 no
1263 2959 1420 3010 speech
1475 2961 1601 3000 made
1618 2961 1660 3012 ’).
1682 2986 1736 2991 ——-
1756 2963 1851 3002 hie:

1023 3015 1107 3054 this
1148 3014 1265 3053 word
1306 3028 1404 3067 may
1443 3029 1619 3066 express
1664 3019 1852 3069 surprise

1022 3070 1122 3109 here
1148 3083 1195 3109 as
1226 3071 1456 3109 elsewhere
1487 3072 1528 3109 in
1552 3072 1625 3111 the
1658 3074 1852 3114 Letters:
