2067 3332
230 167 308 206 100
795 167 1072 205 CICERO'S
1115 167 1403 205 LETTERS.
1700 168 1800 220 [Ep.
1826 171 1969 209 XXV.

228 315 406 358 taret:
465 307 613 358 ‘Oro
657 316 729 367 te,
775 299 896 373 quis
953 314 1014 357 tu
1071 306 1200 357 es?’
1313 307 1424 358 Sed
1480 308 1770 370 merculeS,
1817 318 1971 362 extra

228 399 423 458 iocum,
457 398 620 447 honio
650 397 827 448 bellus
858 405 969 459 est;
1011 397 1209 448 vellem
1241 415 1366 448 eum
1397 406 1583 449 tecum
1625 399 1966 452 abduxisses,

162 550 165 552 ‚
231 489 377 555 Quid
407 488 585 555 agatis
616 495 670 537 et
703 487 899 555 ecquid
931 487 986 537 in
1020 487 1235 538 Italiam
1259 488 1480 538 venturi
1509 489 1626 539 sitis
1657 489 1759 540 hac
1789 489 1969 542 hieme

227 579 313 629 fac
356 578 519 644 plane
562 578 747 629 sciam.
834 578 1038 629 Balbus
1081 578 1214 628 n1ihi
1257 578 1600 629 confirmavit
1643 586 1700 629 te
1739 579 1967 632 divitem

226 669 494 720 futurum.
581 669 644 718 Id
693 676 879 719 utrum
931 670 1186 719 Romano
1236 685 1389 719 more
1431 668 1650 720 locutus
1692 669 1779 731 sit,
1825 671 1969 723 bene

228 767 574 810 nummatum
629 767 687 809 te
740 759 1006 820 futurum,
1066 777 1134 810 an
1191 760 1468 826 quomodo
1531 759 1703 811 Stoici
1756 760 1966 824 dicunt,

227 867 419 900 omnes
475 867 599 900 esse
653 849 849 900 divites
905 849 999 916 qui
1053 849 1204 900 caelo
1259 857 1315 899 et
1370 857 1517 900 terra
1569 850 1679 900 frui
1732 851 1965 917 possint,

228 948 422 1006 postea
462 940 676 991 videbo,
776 939 887 1007 Qui
943 939 1106 991 istinc
1155 939 1386 990 veniunt
1445 940 1773 1006 superbiam,
1815 949 1967 992 tuam

227 1038 506 1092 accusant,
552 1031 696 1097 quod
753 1038 960 1097 negent
1003 1037 1060 1080 te
1109 1030 1568 1096 percontantibus
1612 1032 1964 1097 respondere.

230 1121 342 1172 Sed
373 1129 559 1171 tamen
591 1128 675 1171 est
707 1122 853 1187 quod
883 1121 1151 1187 gaudeas3
1183 1128 1403 1171 constat
1434 1120 1581 1170 enim
1613 1120 1758 1171 inter
1787 1121 1966 1173 omnis

228 1211 507 1262 neminem
536 1219 593 1261 te
623 1228 733 1261 uno
767 1210 1184 1262 Samarobrivae
1215 1209 1347 1261 iuris
1377 1210 1694 1277 peritiorem
1724 1228 1861 1262 esse.

784 1399 968 1450 XXV.
1035 1399 1205 1468 (Fam.
1241 1410 1288 1463 7.
1330 1400 1435 1466 10.)

666 1531 724 1568 M.
757 1529 988 1568 CICERO
1032 1530 1074 1568 S.
1114 1530 1169 1569 D.
1205 1530 1534 1568 TREBATIO.

309 1643 447 1710 Legi
495 1650 620 1693 tuas
674 1642 905 1702 litteras,
960 1658 1026 1692 ex
1074 1641 1274 1708 quibus
1332 1641 1578 1691 intellexi
1632 1649 1689 1692 te
1745 1642 1968 1693 Caesari

228 1741 420 1784 nostro
448 1733 606 1783 valde
635 1732 752 1782 iure
783 1731 1100 1783 consultum
1130 1731 1315 1782 videri.
1405 1732 1506 1782 Est
1537 1732 1684 1798 quod
1722 1733 1963 1798 gaudeas

228 1831 284 1874 te
338 1824 392 1873 in
448 1823 552 1873 ista
604 1823 724 1873 loca
776 1823 995 1873 venisse
1050 1822 1144 1872 ubi
1197 1821 1404 1888 aliquid
1459 1838 1651 1888 sapere
1699 1821 1962 1874 viderere.

232 1914 396 1980 Quod
426 1913 472 1964 si
502 1913 556 1963 in
589 1913 929 1963 Britanniam
955 1929 1174 1979 quoque
1197 1912 1489 1978 profectus
1519 1929 1688 1973 esses,
1714 1913 1965 1979 profecto

227 2032 366 2069 crebro
380 2033 441 2070 ad
456 2045 599 2069 cenam
618 2032 781 2069 invitat.
796 2054 852 2059 —
865 2041 1051 2069 mercu-

227 2087 315 2125 les:
339 2086 391 2125 cf.
414 2087 605 2132 mercule,
630 2087 708 2136 Ep.
733 2086 873 2137 XXV.
898 2098 921 2137 3
943 2099 982 2123 n.
998 2109 1052 2114 ——-

227 2144 371 2181 homo
402 2142 570 2188 bellus,
593 2142 917 2194 agoodsellow.
970 2141 1051 2180 See

231 2198 413 2243 Martial‚
433 2209 469 2248 3.
487 2197 551 2249 63.
598 2198 759 2242 Bellus,
780 2197 852 2235 the
875 2196 1052 2234 diminu-

229 2254 314 2291 tive
336 2253 382 2290 of
413 2254 552 2298 bonus,
575 2253 609 2290 is
633 2251 737 2291 used
759 2252 985 2304 familiarly
1008 2252 1050 2289 in

229 2308 300 2346 the
324 2309 490 2346 Letters
508 2307 606 2346 with
630 2308 702 2346 the
724 2308 911 2357 peculiar
933 2307 1053 2345 force

230 2363 364 2402 which
381 2363 611 2414 colloquial
646 2363 771 2401 Latin
794 2363 912 2401 often
945 2375 1053 2413 gave

230 2426 274 2457 to
307 2419 380 2457 the
411 2418 664 2456 diminutive
699 2418 768 2469 (cf.
795 2419 1051 2469 pulchellus,

230 2475 307 2524 Ep.
351 2475 401 2511 V.
448 2485 495 2512 10
536 2475 594 2524 n),
634 2488 703 2524 eg.
746 2475 916 2523 puellae
959 2475 1054 2512 Cae-

227 2531 348 2568 ciliae
368 2530 615 2568 bellissimae
631 2530 806 2568 salutem
827 2530 944 2573 dices,
963 2530 1000 2565 A
1006 2534 1050 2567 tt.

229 2584 264 2623 6.
297 2597 333 2632 4.
368 2596 408 2635 33
450 2586 573 2622 illum
608 2586 760 2634 pueris
798 2586 933 2623 locum
971 2597 1052 2621 esse

228 2641 499 2678 bellissimum
524 2641 741 2685 duximus,
761 2641 845 2677 Att.
867 2650 900 2690 5.
929 2650 988 2687 17.
1008 2650 1050 2690 35

228 2708 277 2733 so
299 2696 399 2733 belle
427 2709 467 2734 se
497 2696 644 2733 habere
669 2696 695 2745 (‘
713 2702 757 2732 to
788 2694 841 2733 be
872 2696 913 2732 in
946 2694 1051 2732 first-

228 2756 318 2788 rate
339 2750 483 2788 health
501 2751 542 2799 ’)‚
566 2752 649 2788 Att.
678 2762 736 2787 12.
761 2761 824 2801 37.
852 2761 883 2787 1.

284 2818 320 2856 3.
353 2806 399 2843 in
433 2806 637 2844 Italiam:
680 2807 739 2843 i.e.
773 2812 818 2843 to
854 2806 1051 2843 Luca.—

231 2862 449 2899 Romano
472 2872 620 2899 more:
643 2860 696 2898 cf.
715 2874 828 2898 more
845 2862 1048 2904 Romano,

230 2917 306 2966 Ep.
332 2917 457 2954 XXI.
482 2928 504 2967 3
523 2929 561 2960 n,
585 2915 669 2953 and
692 2929 805 2953 more
822 2917 1048 2960 maiorum,

230 2972 306 3020 Ep.
333 2972 364 3008 Ι.
391 2983 405 3008 1
433 2984 472 3008 n.
490 2973 681 3009 —bene
723 2977 1049 3009 nummatum:

227 3039 252 3063 a
309 3026 538 3077 colloquial
607 3026 853 3076 expression
914 3025 1048 3063 which

231 3081 402 3119 Horace
443 3080 599 3131 adopts
638 3081 707 3118 for
747 3080 883 3118 comic
923 3079 1050 3118 effect

1144 2030 1271 2082 (Epp.
1299 2041 1330 2068 1.
1353 2030 1390 2070 6.
1424 2030 1492 2082 38)
1522 2030 1706 2082 perhaps
1735 2030 1849 2069 from
1881 2030 1965 2070 this

1141 2099 1336 2137 passage.
1374 2086 1444 2125 Cf.
1466 2087 1557 2125 also
1581 2086 1670 2125 Cic.
1693 2088 1741 2125 de
1761 2087 1835 2136 leg.
1858 2087 1963 2138 Agr.

1144 2154 1179 2180 2.
1206 2142 1476 2194 59.—-quod
1498 2148 1695 2192 negent:
1726 2141 1779 2179 cf.
1802 2142 1964 2187 diceret,

1143 2197 1220 2248 Ep.
1254 2197 1287 2234 Ι.
1323 2209 1346 2248 3
1378 2197 1815 2247 n.—respondere:
1860 2196 1964 2235 here

1141 2252 1241 2291 with
1265 2265 1290 2290 a
1310 2252 1469 2290 double
1491 2252 1702 2302 meaning,
1726 2252 1817 2297 viz„
1838 2257 1878 2289 to
1907 2265 1965 2290 re-

1142 2310 1220 2357 ply
1240 2314 1277 2345 to
1301 2307 1385 2346 and
1416 2313 1455 2345 to
1476 2309 1575 2357 give
1604 2308 1715 2358 legal
1741 2308 1884 2345 advice
1912 2312 1962 2344 to.

1142 2363 1208 2402 Cf.
1259 2364 1433 2408 cautior,
1485 2364 1564 2413 Ep.
1606 2363 1749 2401 XXV.
1792 2374 1813 2400 2
1855 2375 1966 2400 n.—

1141 2425 1329 2457 constat
1372 2447 1381 2456 .
1417 2447 1427 2456 .
1464 2447 1474 2456 .
1519 2418 1793 2468 peritiorem
1835 2429 1962 2456 esse:

1141 2473 1367 2512 Trebatius
1389 2472 1516 2511 could
1538 2479 1581 2511 at
1602 2473 1711 2511 least
1741 2480 1964 2523 congratu-

1139 2528 1224 2567 late
1265 2528 1438 2567 himself
1478 2541 1594 2579 upon
1634 2527 1904 2578 discovering
1938 2540 1964 2566 a

1136 2580 1260 2633 'place
1300 2584 1440 2622 where
1489 2583 1543 2622 he
1590 2596 1676 2622 was
1725 2583 1798 2621 the
1847 2588 1962 2621 most

1138 2638 1312 2677 learned
1342 2638 1762 2691 lawyer—because
1793 2638 1846 2676 he
1876 2650 1963 2676 was

1138 2694 1210 2732 the
1243 2695 1342 2746 only
1373 2707 1467 2732 one.
1528 2693 1595 2731 Cf.
1618 2693 1858 2745 quotation,
1883 2694 1960 2743 Ep.

1139 2750 1266 2787 XXI.
1293 2749 1427 2800 (end).

1194 2805 1333 2843 XXV.
1402 2805 1552 2850 Rome,
1604 2803 1857 2849 December,
1911 2813 1959 2854 54

1139 2869 1220 2897 Bc.

1198 2927 1228 2952 1.
1270 2922 1316 2953 te
1360 2915 1556 2954 Caesari
1589 2943 1598 2952 .
1623 2943 1633 2952 .
1658 2943 1668 2952 .
1699 2914 1867 2952 videri:
1904 2912 1958 2951 cf.

1137 2971 1376 3021 quotation,
1411 2971 1488 3020 Ep.
1517 2970 1642 3007 XXI.
1669 2968 1960 3019 (end).—sa-

1137 3037 1275 3075 pere:
1322 3025 1422 3062 with
1458 3025 1617 3075 special
1658 3023 1873 3062 reference
1914 3029 1959 3060 to

1137 3080 1346 3118 technical
1396 3080 1505 3129 legal
1553 3078 1892 3127 knowledge.—
1912 3077 1959 3115 in

2058 3086 2067 3182 ‘nn-..u
2056 2942 2067 3075 Qu:-
2062 2876 2067 2926 --.
