2067 3332
231 177 315 218 300
775 181 1074 221 CRITICAL
1113 184 1447 224 APPENDIX.

372 318 419 357 C.
444 319 489 356 F.
515 319 752 358 Hermann.
835 320 916 360 See
938 321 1065 360 Com-

370 381 578 427 mentary.

314 430 548 469 sollicitus
591 443 699 471 sum
738 433 784 470 M
860 434 1064 472 sollicitus

366 487 445 524 sim
470 487 719 540 commonly
738 488 922 538 printed.
981 489 1061 528 See

369 541 690 595 Commentary.

311 597 532 637 derideas
586 599 632 636 M

369 654 639 705 Wesenberg

257 721 278 747 2
310 715 474 748 tamen
496 711 623 761 quod
642 710 912 763 Wesenberg
967 717 1057 751 tum

364 779 491 816 quam
519 767 563 803 M
588 813 590 815 ι

310 821 390 871 qui
411 835 489 871 que
512 822 557 860 M

309 888 435 916 nunc
459 888 568 918 cum
593 878 713 918 VIII
746 877 1058 919 Mendelssohn

365 946 467 971 num
494 934 540 971 M

311 990 501 1028 Venere
538 996 803 1040 prognatus
841 991 1058 1031 Victorius

363 1057 551 1083 venerem
567 1052 866 1096 propugnatus
889 1048 934 1085 M

313 1101 529 1139 Psacade
565 1108 708 1141 natus
744 1102 1056 1142 Mendelssohn

364 1157 455 1205 ipsa
493 1158 721 1194 cadenatus
763 1158 808 1196 M
878 1160 1058 1197 Psecade

364 1217 491 1249 notus
513 1213 815 1263 Pantagathus
838 1214 922 1252 and
945 1227 1057 1252 corn-

364 1268 512 1320 monly
549 1268 733 1319 printed.
807 1269 886 1308 See
929 1269 1057 1308 Corn-

364 1330 571 1376 mentary.

729 612 814 637 non
869 601 1062 640 derideas

306 1448 392 1490 ΕΡ.
419 1449 583 1491 XLIX
611 1450 740 1507 (Att.
765 1462 807 1506 9.
839 1463 885 1492 11
917 1452 976 1509 A)

253 1565 276 1605 3
309 1566 401 1601 me,
445 1560 492 1593 et
541 1555 676 1605 pacis
718 1562 764 1594 et
805 1556 1055 1607 utriusque

366 1610 410 1647 M
468 1623 532 1648 me
555 1624 575 1648 e
587 1612 739 1660 paucis
760 1618 799 1650 et
822 1613 883 1650 ad
901 1614 1056 1650 utrius—

362 1679 440 1716 que
481 1666 637 1704 Bosius
683 1666 767 1704 and
809 1668 1055 1720 commonly

362 1721 534 1770 printed

307 1776 532 1824 amicum,
549 1778 609 1816 ad
630 1784 844 1817 vestram
866 1778 1055 1818 inserted

363 1832 418 1884 by
441 1832 681 1871 Lehmann.

387 1957 473 1998 ΕΡ.
503 1958 538 1999 L
567 1960 730 2015 (Fam.
756 1959 798 2001 8.
830 1957 902 2018 16)

256 2073 269 2099 1
307 2063 601 2113 perscripsti‚
656 2075 813 2114 neque
894 2063 1057 2103 Becher

354 2120 590 2167 perscripsi
612 2119 656 2156 M

307 2173 546 2224 cogitares
567 2176 728 2223 cognita
747 2188 811 2212 res
833 2175 879 2213 M

307 2229 530 2279 praedixe
570 2229 882 2269 Mendelssohn
933 2236 1057 2280 prae-

361 2285 457 2322 dixi
474 2286 519 2323 M

310 2340 569 2379 Caesarem
597 2342 774 2379 Caesare
797 2342 842 2379 M

307 2395 467 2434 futura
487 2425 496 2433 .
516 2425 526 2434 .
548 2425 558 2434 .
577 2397 942 2447 victoriasuerat
957 2402 1060 2435 esset

355 2452 518 2499 partlm
540 2453 648 2489 victa
671 2454 845 2490 victoria
871 2453 916 2490 M

310 2506 533 2545 Caesaris
562 2508 716 2544 Cacsar
740 2508 784 2545 M

308 2561 419 2599 exiit
441 2563 565 2599 exilit
589 2563 633 2600 M

307 2617 608 2656 mehercules
637 2616 819 2656 omitted
843 2618 888 2655 M

254 2683 274 2708 2
306 2672 525 2712 valemus
549 2674 661 2711 valet
682 2674 727 2711 M

310 2727 568 2766 Caesarem
592 2727 772 2767 omitted
796 2728 842 2766 M

307 2795 450 2832 quem
472 2797 598 2834 quom
626 2784 672 2822 M

307 2850 427 2888 quos
450 2840 565 2889 quod
585 2839 630 2876 M

307 2894 592 2943 optimatem
614 2894 674 2932 ad
691 2895 860 2944 optatim
886 2894 932 2932 M

252 2960 276 2995 4
308 2959 362 2986 ac
385 2950 462 2988 lmc
487 2950 531 2987 M

307 3004 481 3054 negavi
504 3005 673 3053 negavit
693 3005 738 3042 M

306 3059 353 3096 vi
389 3065 434 3097 te
467 3060 775 3098 retinuissem
815 3060 925 3097 vitae
963 3059 1053 3098 reti-

362 3115 543 3152 nuissem
566 3115 610 3152 M

1184 333 1206 376 5
1238 323 1466 418 deffittas
1488 326 1614 365 unde
1646 327 1912 368 demittasum
1934 330 1982 368 de

1233 442 1387 487 potes,
1415 436 1566 488 eligas
1580 443 1716 487 potest
1733 440 1866 490 elegos
1888 441 1934 479 M

1234 503 1356 543 quae
1373 521 1380 529 .
1398 521 1406 529 .
1423 521 1431 529 .
1447 492 1621 532 feceris
1636 507 1741 545 quae
1753 501 1838 534 tam
1854 502 1983 536 erunt

1287 548 1510 600 confeceris
1532 549 1579 588 M

1288 687 1374 728 ΕΡ.
1403 688 1463 729 LI
1496 689 1658 746 (Fam.
1686 701 1727 732 2.
1757 689 1836 747 16)

1181 803 1196 830 1
1230 793 1410 831 habent
1434 793 1566 832 Klotz
1621 795 1792 834 haberet
1809 797 1841 834 Ω

1177 859 1199 886 2
1233 848 1309 888 cui
1335 849 1430 887 iam
1464 850 1853 903 Martyni-Laguna
1910 854 1980 891 cui

1286 910 1370 942 tam
1407 906 1451 943 M

1176 971 1199 1011 3
1233 960 1495 999 existimari
1517 963 1761 1001 existimare
1783 963 1829 1001 M

1175 1027 1200 1063 4
1231 1016 1513 1055 domesticis
1539 1017 1576 1055 R
1634 1019 1862 1058 modesticz's
1887 1019 1976 1058 MG

1178 1082 1198 1123 5
1231 1083 1340 1111 cum
1362 1074 1466 1122 quin
1488 1074 1519 1109 Ω
1576 1075 1654 1123 qui
1675 1074 1739 1110 ΜΓ

1231 1127 1450 1166 mihimet
1476 1128 1608 1167 Orelli
1667 1130 1881 1181 millifuz't
1901 1131 1946 1168 M

1175 1182 1200 1221 6
1231 1189 1276 1221 et
1297 1184 1416 1222 haec
1438 1189 1489 1221 ut
1504 1184 1602 1222 lzaec
1625 1185 1669 1222 M

1229 1239 1287 1277 de
1311 1251 1360 1277 re
1395 1239 1672 1279 Dolabellae
1714 1240 1765 1279 O.
1800 1241 1975 1279 Hirsch-

1282 1294 1372 1333 feld
1415 1296 1638 1334 Dolabella
1686 1296 1769 1347 (2ae
1810 1296 1892 1348 Mr)
1928 1298 1973 1335 Μ

1281 1351 1374 1388 dolo
1389 1351 1536 1390 bellam
1561 1351 1643 1390 GR

1286 1489 1372 1530 ΕΡ.
1402 1489 1491 1530 LII
1522 1490 1685 1548 (Fam.
1711 1502 1752 1546 9.
1778 1492 1829 1549 9)

1174 1605 1190 1631 1
1226 1607 1320 1645 qua
1344 1594 1612 1646 Wesenberg
1668 1596 1715 1634 in
1738 1609 1821 1646 qua
1844 1597 1890 1634 M

1227 1650 1409 1744 Scfflcet
1432 1651 1517 1689 tibi
1550 1651 1593 1689 H
1652 1652 1806 1690 scilicet
1831 1658 1868 1691 te
1897 1652 1975 1690 tibi

1254 1831 1340 1873 ΕΡ.
1370 1831 1451 1873 LV
1480 1832 1645 1889 (Fam.
1676 1842 1744 1884 14.
1773 1833 1851 1890 17)

1226 1936 1321 1974 Sint
1343 1942 1445 1974 sunt
1463 1936 1544 1974 *PF

1226 1991 1446 2031 adfectus
1468 1991 1644 2041 affictus
1666 1992 1713 2030 M

1290 2117 1375 2158 ΕΡ.
1404 2116 1487 2157 LX
1514 2117 1676 2173 (Fam.
1703 2128 1744 2171 9.
1776 2118 1822 2173 1)

1176 2233 1190 2259 1
1225 2228 1277 2260 ut
1299 2221 1480 2260 nullam
1503 2222 1669 2259 nullam
1702 2221 1749 2259 M

1173 2289 1193 2315 2
1226 2277 1452 2315 nimirum
1486 2276 1798 2315 Mendelssohn
1855 2277 1967 2314 enim

1281 2346 1319 2369 m
1327 2333 1392 2370 z'lzi
1411 2345 1505 2370 cum
1538 2332 1583 2369 M

1226 2388 1540 2426 transiturum
1574 2393 1719 2425 turum
1763 2387 1810 2425 M
1869 2386 1969 2425 with

1281 2444 1424 2481 transi
1443 2442 1609 2480 written
1631 2442 1769 2480 above
1799 2447 1842 2480 at
1862 2441 1972 2480 later

1281 2498 1393 2536 date.

1257 2623 1343 2664 ΕΡ.
1374 2622 1482 2663 LXI
1515 2623 1676 2680 (Fam.
1701 2634 1743 2678 9.
1773 2620 1851 2679 16)

1173 2739 1188 2765 1
1224 2727 1382 2766 amavi
1406 2727 1451 2765 M
1510 2727 1801 2765 animadverti
1829 2726 1968 2778 Kleyn

1277 2783 1432 2833 agnovi
1454 2782 1566 2820 Boot
1592 2781 1868 2833 (doubtfully)

1224 2837 1464 2888 quomodo
1487 2838 1532 2875 M
1554 2837 1836 2888 quoquomodo
1857 2848 1968 2874 com-

1279 2894 1426 2944 monly

1170 2959 1190 2986 2
1223 2949 1429 2999 potuerit
1453 2949 1484 2985 Σ
1537 2949 1693 2997 poterit
1711 2948 1752 2984 Ψ

1224 3004 1572 3042 conciliandam
1624 3009 1670 3041 et
1721 3001 1967 3052 conligen-

1279 3059 1388 3097 dam
1423 3058 1735 3096 conciliandum
1772 3062 1811 3094 et
1842 3057 1968 3095 conli-

1271 3114 1456 3164 gendum
1484 3112 1529 3150 M
