2067 3332
87 126 208 166 Fam.
233 135 267 178 5.
295 124 378 177 12.]
664 124 941 164 CICERO'S
986 125 1275 164 LETTERS.
1780 124 1832 166 79

86 265 214 333 quid
250 265 323 317 sis
353 265 567 317 nescias
597 272 653 316 et
683 265 776 332 qui
803 281 914 315 non
946 281 1040 316 eos
1070 265 1259 332 magiS,
1293 265 1386 333 qui
1419 272 1476 316 te
1514 281 1626 316 non
1668 265 1832 316 adrni-

85 363 294 416 rentur,
347 355 560 406 invidos
616 372 780 422 quam
837 371 947 416 eOS,
1000 355 1093 422 qui
1146 355 1390 416 laudent,
1447 355 1831 439 adsentatores

84 446 375 508 arbitrere;
435 462 617 512 neque
670 453 858 496 autern
915 462 1018 512 ego
1075 463 1196 496 sum
1253 446 1329 496 ita
1370 446 1597 497 demens
1641 454 1701 496 ut
1744 463 1831 496 me

85 537 453 604 sempiternae
497 536 704 603 gloriae
758 553 856 603 per
911 552 1036 587 eum
1066 519 1466 587 'commendari
1510 536 1687 598 velim,
1740 537 1833 604 qui

84 645 190 678 non
225 628 341 695 ipse
371 643 591 695 quoque
620 627 674 677 in
715 644 802 678 me
845 627 1287 678 commendando
1329 627 1602 694 propriam
1645 628 1834 695 ingeni

83 719 311 786 gloriam
343 726 732 786 consequatur.
819 718 1019 785 Neque
1049 718 1194 768 enim
1226 717 1550 768 Alexander
1583 718 1672 769 ille
1715 735 1832 785 gra-

83 810 192 860 tiae
241 827 405 861 causa
452 809 520 860 ab
563 808 766 876 Apelle
815 808 1163 876 potissimum
1212 808 1363 875 pingi
1408 815 1462 859 et
1507 826 1538 859 a
1589 809 1831 877 Lysippo

83 900 219 968 fingi
260 900 496 962 volebat,
543 900 641 951 sed
685 900 831 967 quod
876 899 1092 950 illorum
1135 907 1310 950 artem
1354 916 1478 965 cum
1522 899 1666 966 ipsis,
1713 907 1831 950 turn

83 991 247 1042 etiam
279 991 381 1042 sibi
409 990 615 1058 gloriae
644 991 766 1042 fore
793 991 1039 1058 putabat.
1127 989 1320 1057 Atque
1349 989 1424 1039 illi
1452 989 1690 1041 artifices
1721 1007 1832 1041 cor-

82 1082 229 1149 poris
260 1081 550 1133 simulacra
580 1082 784 1149 ignotis
815 1089 948 1132 nota
976 1081 1279 1142 faciebant3
1323 1096 1463 1147 quae
1492 1080 1579 1131 vel
1610 1081 1655 1131 si
1683 1080 1834 1132 nulla

83 1172 208 1233 sint,
233 1172 402 1224 nihilo
432 1173 541 1224 sint
571 1180 758 1223 tamen
790 1172 1138 1223 obscuriores
1163 1170 1293 1222 clari
1314 1170 1428 1222 viri.
1501 1171 1622 1222 Nec
1651 1171 1832 1222 minus

83 1270 168 1314 est
199 1271 483 1331 superstes
514 1263 812 1330 Agesilaus
842 1263 933 1314 ille
962 1262 1355 1330 perhibendus,
1387 1262 1481 1329 qui
1510 1278 1691 1329 neque
1726 1263 1833 1329 pic-

83 1363 194 1406 tam
226 1371 407 1422 neque
438 1355 622 1406 fictam
653 1355 948 1422 imaginem
980 1371 1134 1405 suam
1163 1370 1359 1420 passus
1389 1361 1474 1404 est
1506 1369 1645 1414 esse,
1669 1371 1831 1420 quarn

82 1445 175 1513 qui
216 1446 271 1497 in
314 1463 378 1497 eo
421 1463 628 1514 genere
672 1446 1019 1508 laborarunt;
1062 1463 1205 1497 unus
1249 1445 1395 1496 enim
1441 1446 1831 1513 Xenophontis

81 1536 299 1588 libellus
329 1538 383 1588 in
414 1554 478 1588 eo
509 1554 640 1604 rege
670 1537 944 1588 laudando
973 1536 1135 1588 facile
1178 1553 1371 1587 omnes
1413 1537 1680 1604 imagines
1722 1553 1832 1587 om-

82 1629 232 1679 nium
283 1636 607 1696 statuasque
663 1628 956 1696 superavit.
1061 1627 1255 1695 Atque
1303 1628 1409 1679 hoc
1456 1628 1830 1695 praestantius

81 1719 213 1770 mihi
240 1719 408 1770 fuerit
439 1727 493 1770 et
523 1720 591 1770 acl
619 1719 883 1770 laetitiam
918 1719 1085 1770 animi
1127 1727 1182 1770 et
1225 1719 1293 1769 ad
1335 1719 1630 1770 memoriae
1660 1718 1830 1786 digni-

80 1818 268 1871 tatem,
297 1811 341 1862 si
369 1811 423 1861 in
453 1818 550 1861 tua
579 1810 782 1878 scripta
809 1827 1116 1878 pervenero
1146 1827 1311 1877 quarn
1341 1810 1385 1861 si
1414 1810 1468 1860 in
1499 1818 1826 1871 ceterorum,

79 1902 225 1969 quod
246 1918 357 1953 non
377 1901 660 1969 ingenium
680 1901 814 1951 mihi
832 1900 1010 1952 solum
1031 1900 1445 1967 suppeditatum
1465 1900 1632 1950 fuerit
1651 1907 1825 1961 tuum,

80 1992 222 2044 sicut
242 1992 582 2043 Timoleonti
603 2009 634 2043 a
656 1993 884 2043 Timaeo
914 1999 1008 2042 aut
1033 1992 1101 2042 ab
1134 1991 1424 2041 Herodoto
1448 1990 1824 2051 Themistocli,

79 2083 177 2134 sed
220 2083 384 2134 etiarn
425 2083 725 2134 auctoritas
771 2083 1056 2134 clarissimi
1098 2090 1152 2133 et
1197 2081 1587 2148 spectatissimi
1629 2081 1728 2131 viri
1771 2089 1826 2131 et

79 2173 134 2224 iri
178 2174 256 2225 rei
296 2174 552 2242 publicae
593 2173 840 2225 maximis
895 2173 1343 2240 gravissimisque
1400 2172 1578 2223 causis
1622 2171 1829 2239 cogniti

79 2273 247 2332 atque
275 2265 330 2315 in
361 2265 546 2332 primis
576 2265 807 2332 probati,
842 2272 902 2315 ut
931 2264 1064 2314 mihi
1093 2281 1204 2314 non
1235 2263 1413 2314 solum
1455 2262 1824 2330 praeconium,

81 2447 194 2486 those
223 2453 403 2498 persons
429 2461 504 2487 are
538 2448 786 2498 sycophants
816 2448 912 2486 wlzo

72 2505 219 2555 praise
239 2517 338 2554 you.

136 2570 172 2608 7.
206 2559 492 2607 Alexander,
529 2565 627 2598 etc.:
678 2559 731 2598 cf.
777 2559 909 2611 Pliny,

80 2615 139 2653 Ν.
172 2615 228 2652 H.
261 2626 298 2664 7.
333 2625 407 2667 125
443 2616 552 2653 idem
585 2616 654 2653 lzic
681 2617 912 2665 imperator

79 2671 217 2708 edixit
254 2673 403 2722 nequis
441 2672 580 2720 ipsum
628 2672 741 2710 alius
779 2684 907 2722 quam

80 2726 249 2776 Apelles
271 2727 477 2777 pingeret,
508 2739 636 2777 quam
675 2727 911 2777 Pyrgoteles

79 2783 291 2831 scalperet,
324 2795 449 2833 quam
494 2783 706 2832 Lysippus
736 2796 788 2820 ex
817 2795 912 2821 aere

79 2837 255 2876 duceret.
317 2837 384 2875 Cf.
418 2838 510 2876 also
546 2838 654 2875 Hor.
687 2839 769 2887 Ep.
804 2849 839 2875 2.
876 2848 908 2874 1.

82 2892 332 2944 239.—vel
360 2893 401 2932 si
432 2893 576 2940 nulla,
600 2900 698 2931 etc.:
730 2893 782 2932 cf.
807 2893 909 2931 Tac.

80 2949 185 2999 Agr.
227 2947 458 2999 46.—qui
498 2960 670 2999 neque,
704 2956 814 2987 etc.:
857 2948 909 2987 cf.

83 3003 193 3055 Nep.
217 3005 337 3054 Ages.
360 3003 566 3055 8.—qui
600 3033 609 3042 .
644 3033 653 3042 .
688 3033 697 3042 .
729 3004 912 3044 labora-

82 3065 206 3106 runt,
228 3060 323 3097 who
347 3060 453 3098 have
477 3060 649 3098 exerted
671 3060 910 3098 themselves

997 2449 1127 2498 along
1152 2446 1247 2485 tlzat
1273 2447 1372 2491 line,
1396 2447 1458 2483 z'.e.
1492 2444 1539 2483 of
1569 2457 1827 2483 commemo-

999 2503 1138 2553 rating
1160 2501 1271 2540 their
1291 2514 1441 2539 names
1462 2500 1519 2553 by
1540 2500 1701 2550 having
1727 2500 1828 2538 like-

997 2571 1145 2597 nesses
1195 2557 1242 2595 of
1296 2557 1557 2595 themselves
1602 2555 1728 2594 made
1773 2555 1828 2607 by

997 2614 1189 2665 painters
1239 2626 1288 2651 or
1336 2612 1564 2662 sculptors.
1588 2634 1641 2639 -—-
1665 2612 1827 2650 Xeno-

998 2670 1193 2721 phontis
1229 2668 1449 2707 libellus:
1486 2667 1559 2705 the
1589 2668 1825 2716 Agesilaus.

996 2749 1048 2753 —
1064 2725 1284 2763 Timaeo:
1316 2736 1363 2762 as
1386 2723 1593 2761 historian
1617 2722 1664 2760 of
1687 2722 1826 2773 Sicily,

998 2780 1052 2819 he
1083 2778 1290 2819 recorded
1321 2779 1420 2817 with
1463 2779 1603 2829 praise
1640 2777 1713 2816 the
1747 2777 1826 2815 dis-

999 2835 1248 2887 tinguished
1282 2835 1468 2873 services
1505 2833 1643 2872 which
1685 2833 1826 2871 Timo-

997 2892 1096 2930 leon
1120 2891 1167 2930 οἱ
1193 2890 1375 2929 Corinth
1399 2888 1608 2928 rendered
1629 2889 1702 2927 the
1727 2888 1827 2927 Sici-

998 2948 1108 2986 lians
1143 2947 1185 2985 in
1223 2946 1333 2984 their
1365 2945 1579 2995 struggles
1614 2944 1683 2982 for
1715 2944 1828 2983 inde-

999 3002 1372 3054 pendence.—ab
1397 3000 1664 3039 Herodoto:
1696 3000 1739 3038 in
1762 2999 1828 3039 his

999 3065 1183 3097 account
1225 3057 1271 3095 of
1311 3057 1383 3095 the
1428 3056 1601 3095 Persian
1642 3068 1829 3095 wars—
