2067 3332
627 180 906 220 CICERO’S
951 181 1242 228 LETTERS.

59 184 177 223 Fam.
198 194 236 235 9.
264 182 346 234 14]
1730 180 1811 222 253

58 323 223 374 modo
268 329 398 373 sunt
447 321 664 388 aliquae
707 337 879 381 meae,
931 320 1122 372 laudes
1177 321 1246 372 ad
1301 328 1358 372 te
1413 321 1809 373 transfuderim

59 431 225 481 quam
255 412 494 480 aliquam
524 419 738 478 partem
779 411 1130 462 exhauserim
1174 428 1241 462 ex
1282 411 1409 464 tuis,
1496 412 1643 463 Nam
1685 430 1811 464 cum

58 512 115 555 te
162 520 382 570 semper
429 510 649 553 tantum
706 502 995 553 dilexerim
1041 509 1309 569 quantum
1366 510 1428 553 tu
1485 502 1812 570 intellegere

59 594 308 662 potuisti,
341 601 461 644 tum
492 593 578 644 his
612 593 724 644 tuis
767 592 932 644 factis
977 592 1363 644 sicincensus
1407 611 1528 644 sum
1571 601 1632 645 ut
1674 594 1811 645 nihil

60 702 320 752 umquam
370 685 426 735 in
474 700 662 735 amore
715 683 886 734 fuerit
935 683 1254 746 ardentius;
1309 684 1447 734 nihil
1503 692 1588 736 est
1644 685 1808 746 enim,

60 775 196 826 mihi
251 775 430 836 crede,
482 774 691 825 virtute
745 774 1062 835 formosiuS,
1122 774 1260 824 nihil
1313 774 1615 841 pulchriUS‚
1674 775 1812 826 nihil

60 866 369 918 amabilius,
457 865 692 932 Semper
720 864 916 926 amavi,
950 872 1010 916 ut
1042 861 1169 926 scis,
1204 866 1282 916 M.
1315 865 1551 916 Brutum
1586 874 1814 933 propter

61 957 181 1009 eius
231 974 512 1008 summum
562 956 870 1024 ingenium,
917 955 1279 1007 suavissimos
1329 973 1528 1018 moreS,
1575 957 1814 1024 singula-

61 1065 178 1100 rem
208 1048 546 1115 probitatem
576 1055 744 1114 atque
775 1047 1176 1110 constantiam3
1215 1055 1404 1098 tamen
1446 1047 1639 1098 Idibus
1671 1049 1814 1099 Mar-

61 1139 155 1190 tiis
184 1147 405 1190 tantum
435 1138 672 1190 accessit
703 1138 770 1189 ad
801 1155 1045 1189 amorem
1075 1146 1135 1189 ut
1167 1138 1397 1189 mirarer
1424 1137 1608 1190 locum
1638 1138 1814 1189 fuisse

61 1230 303 1298 augendi
334 1229 390 1280 in
421 1246 484 1281 eo
515 1230 662 1297 quod
706 1229 843 1280 mihi
886 1229 1212 1296 iampridem
1257 1229 1600 1280 cumulatum
1644 1229 1813 1280 etiam

60 1321 368 1373 videbatur.
477 1320 619 1388 Quis
670 1328 787 1371 erat
837 1320 932 1388 qui
986 1327 1208 1387 putaret
1264 1320 1332 1371 ad
1388 1337 1512 1371 eum
1569 1337 1814 1372 amorem

62 1429 227 1480 quem
259 1428 390 1479 erga
423 1419 480 1463 te
521 1412 795 1463 habebam
838 1428 1004 1478 posse
1047 1410 1252 1478 aliquid
1295 1411 1590 1462 accedere?
1671 1412 1814 1462 Tan-

63 1510 183 1554 tum
213 1502 451 1554 accessit
482 1510 543 1554 ut
574 1503 707 1553 mihi
738 1520 887 1553 nunc
917 1502 1158 1569 denique
1200 1519 1385 1553 amare
1413 1501 1617 1564 videar,
1650 1511 1816 1553 antea

63 1594 341 1646 dilexisse.
428 1594 617 1662 Quare
647 1594 779 1661 quid
810 1601 895 1644 est
926 1594 1073 1660 quod
1104 1610 1207 1660 ego
1237 1601 1294 1643 te
1323 1593 1513 1643 horter
1550 1601 1611 1644 ut
1641 1593 1817 1660 digni-

65 1685 169 1736 tati
217 1693 272 1737 et
322 1685 530 1753 gloriae
580 1685 826 1736 servias?
911 1685 1220 1750 Proponam
1269 1683 1374 1735 tibi
1422 1683 1599 1735 claros
1648 1684 1811 1746 viros,

66 1778 213 1844 quod
256 1777 442 1829 facere
486 1776 668 1828 solent
712 1775 806 1843 qui
861 1775 1198 1826 hortantur?
1295 1775 1595 1825 Neminem
1638 1775 1816 1826 habeo

66 1868 354 1920 clariorem
399 1885 563 1935 quarn
610 1875 666 1919 te
713 1867 929 1934 ipsum3
984 1874 1042 1917 te
1085 1866 1304 1917 imitere
1346 1874 1582 1932 oportet,
1628 1874 1815 1917 tecum

65 1959 184 2026 ipse
215 1967 419 2022 certes;
452 1976 523 2010 ne
552 1958 685 2010 licet
715 1958 938 2026 quidem
968 1957 1071 2009 tibi
1101 1957 1206 2008 iam
1237 1957 1412 2008 tantis
1443 1957 1608 2008 rebus
1639 1957 1816 2023 gestis

65 2068 178 2102 non
209 2050 292 2102 tui
322 2050 559 2102 similem
591 2066 731 2102 esse.
817 2049 982 2116 Quod
1012 2066 1138 2100 cum
1178 2048 1256 2098 ita
1298 2048 1385 2109 sit,
1418 2047 1660 2099 hortatio
1704 2065 1816 2099 non

67 2149 152 2192 est
184 2141 515 2203 necessaria,
550 2140 925 2209 gratulatione
955 2139 1132 2206 magis
1169 2139 1440 2189 utendum
1484 2145 1602 2201 est;
1646 2138 1817 2189 conti-

66 2232 148 2300 git
198 2232 346 2283 enim
392 2232 509 2293 tibi,
557 2233 704 2299 quod
753 2231 900 2282 haud
949 2231 1063 2282 scio
1112 2247 1182 2281 an
1225 2229 1452 2290 nemini,
1498 2236 1558 2279 ut
1602 2246 1818 2279 summa

67 2323 336 2374 severitas
367 2322 865 2374 animadversionis
896 2339 1007 2372 non
1039 2321 1201 2371 modo
1245 2337 1356 2370 non
1399 2319 1684 2380 invidiosa,
1719 2320 1816 2369 sed

68 2413 235 2464 etiam
266 2413 547 2480 popularis
579 2420 727 2464 esset
751 2420 805 2464 et
830 2430 953 2464 cum
985 2411 1146 2463 bonis
1178 2411 1452 2471 omnibus,
1474 2417 1593 2460 tum
1626 2410 1816 2460 infimo

128 2541 162 2584 5.
219 2531 515 2582 singularem
581 2531 900 2582 probitatem:

70 2586 137 2633 cf„
197 2586 410 2633 however,
473 2587 576 2625 Intr.
641 2599 712 2639 23;
782 2588 902 2625 cuius

71 2644 261 2689 salutem,
320 2644 398 2694 Ep.
452 2643 666 2681 XXXIV.
719 2642 744 2681 6
793 2656 903 2680 n.—

1044 2541 1081 2579 7.
1116 2540 1307 2568 summa
1335 2527 1567 2566 severitas
1599 2527 1818 2567 animad-

988 2585 1227 2624 versionis
1249 2600 1257 2622 :
1290 2584 1342 2622 cf.
1368 2583 1456 2622 Cic.
1480 2583 1595 2621 Phil.
1624 2594 1655 2620 1.
1677 2593 1697 2635 5
1720 2584 1818 2621 talis

988 2641 1304 2680 animadversio
1321 2640 1420 2691 suit
1443 2640 1699 2684 Dolabellae,
1721 2652 1813 2677 cmn

70 2699 230 2738 locum
254 2699 487 2750 augendi:
515 2698 614 2737 with
639 2699 722 2737 this
744 2698 902 2736 intran-

70 2755 195 2794 sitive
220 2768 293 2793 use
316 2755 362 2792 of
385 2755 457 2792 the
480 2753 657 2805 gerund‚
681 2754 733 2792 cf.
754 2756 839 2792 Att.
863 2765 899 2802 7.

73 2821 135 2848 20.
171 2822 191 2848 2
228 2811 450 2860 turpitudo
483 2811 768 2860 coniungendi
806 2823 899 2848 cum

70 2872 267 2916 tyramm,
291 2865 375 2904 and
397 2878 468 2904 see
498 2865 811 2904 Weissenborn
835 2866 903 2903 De

77 2923 291 2960 Gerundio
339 2928 378 2960 et
434 2923 678 2960 Gernndivo
727 2922 902 2971 linguae

70 2977 264 3023 Latinae,
294 2990 332 3028 p.
370 2977 445 3029 138
467 2993 474 3016 :
508 2978 654 3016 neutri
678 2978 898 3015 verborum

67 3035 215 3083 generi
222 3034 437 3085 gerundia
454 3047 537 3072 esse
550 3033 835 3072 adscribenda.
848 3056 902 3060 —

72 3101 235 3127 amare
264 3118 274 3128 .
303 3118 313 3127 .
346 3119 355 3129 .
388 3088 644 3127 dilexisse:
681 3088 735 3127 cf.
761 3089 906 3138 diligit

73 3173 80 3181 .
107 3174 115 3181 .
138 3174 146 3182 .
168 3146 342 3190 amavit,
368 3145 444 3195 Ep.
471 3144 666 3183 XXXII.
695 3156 715 3197 5
736 3157 775 3181 n.

989 2698 1034 2735 in
1053 2698 1230 2735 audaces
1248 2697 1545 2745 sceleratosque
1560 2707 1710 2739 servos,
1726 2700 1815 2732 tum

988 2755 1034 2790 in
1095 2754 1287 2803 impuros
1340 2757 1379 2789 et
1431 2751 1618 2802 nefarios
1657 2751 1816 2795 liberos,

988 2810 1169 2860 talisque
1221 2808 1378 2846 eversio
1421 2807 1543 2844 illius
1583 2811 1819 2844 exsecratae

988 2866 1206 2903 columnae
1228 2869 1276 2901 ut
1301 2863 1413 2900 milii
1438 2863 1597 2899 mirum
1622 2862 1819 2899 videatur

988 2926 1072 2958 tam
1097 2920 1219 2957 vala'e
1240 2920 1450 2969 reliquum
1486 2923 1649 2966 tempus
1672 2917 1723 2955 al)
1743 2917 1819 2954 illo

987 2989 1072 3014 uno
1093 2976 1158 3013 die
1173 2976 1424 3013 dissensisse.
1462 2973 1530 3011 Cf.
1550 2974 1641 3011 also
1660 2971 1815 3010 introd.

988 3038 1104 3069 note.
1126 3031 1366 3068 —infimo
1418 3029 1590 3079 cuique
1643 3028 1818 3079 gratis-

990 3087 1113 3126 sima
1135 3101 1143 3124 ε
1194 3085 1247 3124 cf.
1289 3087 1378 3123 Att.
1425 3096 1485 3133 14.
1532 3083 1592 3123 16.
1642 3096 1662 3122 2
1709 3084 1821 3122 mihi

989 3143 1156 3193 quidem
1180 3142 1349 3179 videtur
1374 3141 1542 3178 Brutus
1573 3145 1710 3178 noster
1730 3140 1815 3179 iam
