2067 3332
242 171 323 214 294
778 171 1076 210 CRITICAL
1117 170 1450 209 APPENDIX.

395 310 480 351 ΕΡ.
506 309 574 351 VI
605 308 735 367 (Att.
767 320 803 351 1.
834 309 913 366 17)

276 427 290 454 1
327 416 422 454 iam
445 420 555 453 ante
577 420 661 452 tam
684 419 779 452 ante
806 414 851 452 M

328 482 437 510 curn
456 481 682 520 cuperem
707 475 973 518 concuperem
1007 467 1073 507 M1

328 527 630 565 declararunt
648 524 918 575 Wesenberg
944 525 1074 562 decla-

383 586 540 619 rarant
562 581 607 618 M

272 649 297 686 4
329 637 498 688 ecquid
522 635 749 675 Manutius
806 640 845 673 et
861 636 969 686 quid
986 636 1032 673 M

276 704 297 746 5
328 691 691 744 provincialium
741 691 1070 742 provinciarum

385 749 430 786 M

328 815 490 843 amore
512 816 626 841 more
649 800 714 840 Ml

329 859 534 898 discessi
554 859 735 896 discessu
758 855 825 896 Ml

272 915 299 955 6
328 916 442 966 quin
463 916 540 965 qni
560 915 605 952 M

329 971 376 1010 in
401 970 567 1023 (before
587 969 706 1020 ipsis)
731 968 911 1007 omitted
931 968 978 1007 M

328 1039 423 1065 non
445 1025 664 1077 publicae
687 1023 870 1062 omitted
895 1025 940 1062 M

273 1081 297 1122 8
330 1084 390 1122 ob
427 1081 735 1121 iudicandum
771 1080 1074 1130 accepissent

386 1138 432 1176 M
490 1138 535 1174 ob
555 1137 829 1174 indicandum
845 1137 1072 1185 pecuniam

384 1207 465 1231 acc.
484 1191 754 1241 WVesenberg
798 1192 842 1228 ob
863 1204 950 1228 rem
970 1191 1075 1228 indi-

384 1249 562 1286 candam
577 1254 666 1298 pec.
689 1260 769 1285 acc.
794 1245 936 1285 Cobet

272 1315 301 1357 9
330 1315 576 1344 summum
619 1303 665 1341 M
743 1302 816 1340 sed
858 1315 1073 1339 summum

387 1360 554 1411 Kayser

329 1426 551 1466 unusque
584 1419 684 1452 erat
718 1413 944 1452 Lehmann
1002 1415 1079 1464 qui

384 1476 477 1510 erat
500 1471 545 1508 M

251 1539 300 1567 10
330 1533 430 1566 tam
452 1526 638 1564 infirma
659 1524 948 1575 tamenfirma
973 1524 1019 1562 M

251 1594 296 1621 11
330 1589 540 1632 tempus·
603 1581 653 1621 Si
671 1586 951 1631 exspectare
974 1580 1075 1632 Tyr-

387 1638 460 1676 rell
518 1642 680 1686 tempus
699 1641 933 1685 exspectare
955 1636 1001 1673 M

388 1748 474 1789 ΕΡ.
500 1748 596 1789 VII
628 1747 756 1805 (Att.
784 1758 823 1787 2.
855 1747 933 1804 19)

280 1864 297 1893 1
332 1859 492 1893 cetera
515 1881 525 1891 .
550 1881 560 1891 .
584 1881 595 1891 .
620 1852 784 1890 Minae
813 1851 857 1888 M
897 1856 1074 1889 ceterum

386 1910 433 1946 in
455 1922 562 1959 mag.
586 1909 665 1945 reb.
688 1909 829 1945 minae
851 1907 1018 1958 Kayser

279 1977 300 2003 2
332 1975 571 2016 peraeque
595 1962 839 2002 Cratander
885 1962 934 2000 de
955 1975 1080 2013 reque

390 2018 456 2058 M1
513 2020 691 2069 deniqne
713 2016 779 2056 M2

333 2082 554 2127 putaram
567 2079 766 2123 putarem
792 2073 837 2111 M

333 2142 523 2169 amores
543 2129 784 2168 Cratander
839 2141 982 2166 amore
1004 2128 1050 2166 M

334 2198 393 2225 ne
417 2192 549 2225 metu
574 2185 733 2224 Schiitz
789 2197 846 2222 an
867 2189 978 2221 metu
1003 2184 1048 2221 M

279 2255 302 2295 3
334 2242 593 2292 tragoedus
616 2241 836 2289 tragoediis
859 2240 904 2277 M

334 2304 498 2336 nostra
521 2326 528 2333 .
553 2325 563 2334 .
588 2325 597 2334 .
621 2307 842 2346 magnus.
905 2294 955 2332 In
983 2294 1078 2331 Val.

392 2353 507 2391 Max.
555 2363 590 2389 2.
634 2362 659 2401 9
713 2351 886 2388 miseria
937 2355 1078 2387 nostra

390 2420 609 2457 magnus
661 2412 746 2452 est,
796 2405 883 2443 and
943 2404 1081 2443 below

389 2465 560 2502 eandem
584 2460 768 2500 omitted

336 2518 526 2557 transiri
550 2516 774 2555 Manutius
832 2516 1017 2554 transire
1035 2515 1080 2553 M

284 2585 305 2627 5
335 2574 437 2613 vult
459 2574 567 2612 volet
588 2573 632 2610 M

336 2641 431 2668 non
464 2628 662 2679 repudio
695 2627 741 2665 M
801 2640 884 2666 non
918 2626 1081 2677 reficgio

397 2683 663 2734 Wesenberg

338 2740 455 2778 certi
478 2750 646 2778 sumus
668 2738 926 2776 certissimus
949 2737 994 2774 M

337 2795 415 2833 hic
437 2795 510 2832 lzoc
534 2795 578 2831 M

384 2891 470 2932 ΕΡ.
496 2890 620 2932 VIII
651 2889 779 2947 (Att.
808 2900 847 2930 2.
876 2889 957 2946 22)

289 2994 304 3021 1
343 2980 833 3021 Romae!Mansisses
849 2980 894 3017 M
929 2980 1085 3017 Romae

396 3038 641 3074 mansisses!
671 3037 894 3073 mansisses
930 3034 1083 3072 Bosius

342 3092 505 3131 multis
518 3091 765 3130 denuntiat
779 3090 913 3127 multa
928 3090 1085 3126 denun—

1296 309 1376 346 tiat
1395 320 1443 347 or
1472 309 1557 346 vim
1591 309 1737 347 multis
1766 308 1990 348 denuntiat

1299 364 1410 402 Boot

1243 430 1361 470 opes
1421 431 1586 458 eorum
1647 426 1693 458 et
1750 420 1986 459 exercitus

1300 474 1435 513 Orelli
1492 480 1583 524 opes
1608 480 1648 513 et
1664 476 1750 514 vim
1782 476 1987 514 exercitus

1300 531 1345 568 M
1405 535 1497 579 opes
1525 543 1668 568 eorum
1700 535 1740 569 et
1766 531 1852 568 vim
1875 544 1988 569 exer-

1297 587 1402 623 citus
1426 585 1672 624 Cratander

1243 647 1346 680 tum
1368 641 1466 680 vim
1491 640 1580 679 Ien.
1638 654 1732 679 cum
1756 642 1841 679 vim
1867 642 1913 679 M

1190 709 1210 735 2
1245 697 1386 734 fidem
1411 695 1648 735 Lambinus
1688 697 1762 734 sed
1765 696 1898 747 fidem
1924 697 1969 735 M

1189 764 1212 804 3
1244 764 1388 802 opera
1400 758 1564 790 nostra
1577 751 1846 802 Wesenberg
1866 758 1987 803 opera

1302 808 1346 845 M
1977 815 1981 818 .

1192 874 1212 916 5
1245 869 1399 902 toturn
1421 868 1585 900 tantum
1612 863 1658 900 M

1248 918 1533 969 Pompeium
1577 919 1754 957 Crasso
1787 924 1988 969 urgente

1299 975 1497 1023 Pompeio
1560 975 1758 1012 Crassum
1819 979 1990 1024 urgente

1302 1029 1462 1068 Schiitz
1520 1030 1766 1078 Pompeium
1790 1043 1815 1068 a
1841 1030 1991 1068 Crasso

1297 1085 1456 1135 urgeri,
1477 1090 1524 1122 at
1540 1085 1579 1121 si
1598 1084 1760 1136 Tyrrell

1246 1140 1358 1191 quid
1380 1146 1573 1191 tempus
1596 1138 1779 1178 omitted
1802 1138 1867 1178 Ml

1190 1195 1215 1236 6
1246 1196 1429 1234 sentias
1450 1196 1681 1234 sentencias
1703 1196 1748 1233 M

1248 1251 1533 1301 Pompeium
1582 1251 1989 1302 vehementerque

1301 1307 1514 1358 paenitet
1536 1307 1865 1358 Pompeiumque
1879 1307 1991 1345 velae-

1300 1368 1459 1401 menter
1469 1362 1660 1412 paenitet
1681 1363 1727 1400 M

1313 1487 1399 1529 ΕΡ.
1429 1487 1500 1529 IX
1526 1486 1655 1545 (Att.
1683 1498 1724 1530 2.
1751 1488 1833 1545 23)

1193 1604 1213 1631 2
1246 1592 1448 1631 inveniri
1466 1591 1703 1630 Lambinus
1735 1593 1928 1631 invenire
1945 1592 1990 1630 M

1191 1660 1215 1700 3
1245 1650 1439 1688 nostrae
1473 1647 1718 1686 Cratander
1775 1653 1914 1686 noster
1945 1648 1989 1685 M

1247 1704 1286 1742 si
1307 1703 1571 1755 ingrederis
1593 1704 1631 1740 si
1651 1716 1736 1741 non
1757 1703 1992 1753 ingrederis

1304 1759 1369 1797 Ml
1425 1760 1579 1798 sivero
1600 1759 1837 1809 ingrederis
1860 1757 1926 1796 M2

1343 1883 1430 1925 ΕΡ.
1457 1883 1501 1925 Χ
1529 1882 1657 1941 (Att.
1684 1893 1726 1936 3.
1750 1883 1803 1940 4)

1248 1993 1514 2027 correctum
1542 1986 1786 2026 Cratander
1842 1986 1993 2038 confec-

1303 2049 1390 2081 tum
1418 2044 1463 2081 M

1249 2098 1328 2137 illo
1378 2098 1626 2149 pervenire
1676 2109 1772 2137 non
1815 2096 1992 2135 liceret.

1306 2154 1480 2193 Statim
1514 2154 1625 2191 Boot
1683 2154 1779 2191 illoc
1801 2153 1991 2202 perveni-

1304 2223 1391 2247 rem
1410 2223 1492 2247 non
1515 2210 1638 2247 licere
1648 2209 1787 2246 statim
1809 2206 1872 2246 Μ1
1908 2208 1992 2244 lllo

1303 2278 1396 2302 cum
1439 2265 1668 2314 pervenire
1707 2276 1792 2301 non
1840 2263 1991 2307 liceret,

1303 2321 1440 2358 statim
1475 2319 1722 2370 commonly

1251 2380 1297 2414 et
1319 2375 1444 2426 quod
1467 2373 1648 2413 omitted
1670 2372 1735 2412 M1

1301 2486 1386 2527 ΕΡ.
1414 2485 1483 2527 ΧΙ
1515 2486 1679 2543 (Fam.
1712 2495 1778 2536 14.
1804 2485 1856 2541 4)

1200 2602 1213 2628 1
1251 2589 1664 2641 fuissemusfuisse
1685 2588 1732 2626 M

1196 2657 1219 2697 3
1250 2646 1452 2696 profecti
1475 2656 1643 2684 sumus
1664 2644 1792 2682 FHD
1832 2643 1994 2694 profec-

1306 2702 1493 2739 tissimns
1516 2700 1561 2738 M

1252 2768 1295 2794 a.
1313 2757 1355 2794 d.
1380 2756 1424 2794 11
1450 2755 1637 2793 Rutilius
1695 2767 1731 2791 a.
1750 2753 1788 2790 d,
1816 2753 1858 2790 V
1878 2754 1919 2790 Ψ
1936 2752 1969 2790 F

1253 2812 1389 2849 deest
1414 2812 1542 2848 FHD
1601 2815 1660 2848 est
1681 2809 1725 2846 M

1197 2878 1222 2914 4
1253 2867 1434 2905 abisset
1459 2865 1694 2903 Lambinus
1733 2863 1884 2901 abesset
1902 2864 1943 2899 Ψ
1960 2862 1994 2900 F

1202 2932 1222 2974 5
1254 2922 1447 2960 ferenda
1479 2933 1574 2959 non
1608 2925 1719 2958 sunt
1754 2918 1883 2956 FHD
1928 2917 1993 2967 se-

1309 2978 1439 3014 renda
1466 2981 1567 3014 sunt
1591 2976 1634 3012 M

1199 3031 1223 3070 6
1253 3032 1399 3070 vincit
1435 3042 1604 3070 omnes
1631 3028 1928 3068 Pescennius
1960 3028 1991 3064 Σ

1308 3089 1445 3124 vincet
1463 3099 1525 3123 om
1533 3090 1672 3134 nespes
1692 3085 1864 3123 cennius
1887 3083 1932 3120 M
