2067 3332
632 142 933 181 CRITICAL
973 144 1309 185 APPENDIX.
1766 152 1846 194 303

138 285 225 326 ΕΡ.
254 281 519 325 LXXVIII
551 282 715 340 (Fam.
741 294 783 336 4.
815 283 894 341 12)

127 397 140 423 1
177 383 316 423 nobis
341 383 380 421 R
438 383 554 420 bonis
577 382 667 421 MG

180 454 249 492 Μ.
293 451 579 492 Marcellum
617 452 750 491 Orelli

233 509 384 547 cellum
411 509 457 547 M

176 565 429 616 digressus
453 576 562 603 sum
597 563 813 603 Streicher
870 565 929 603 di-

225 633 399 672 gressus
419 633 543 658 essem
570 620 616 658 M

178 688 324 728 supra
347 676 537 715 Maleas
558 681 693 726 supra
721 677 858 714 maias
881 677 926 714 M

233 738 367 782 supra
407 733 491 770 kal.
532 733 671 770 maias
712 732 794 770 GR
852 732 927 769 snb

233 789 457 827 Kalendas
527 787 754 827 Streieher.
845 789 927 826 See

236 844 557 896 Commentary.

125 912 146 939 2
179 912 206 939 a
231 901 283 939 P.
309 900 476 951 Magio
501 899 667 939 Cilone
703 901 826 951 apud
842 914 928 939 ma-

228 957 299 1007 gio
319 957 453 994 cilone
477 956 521 994 M

181 1012 224 1050 ei
247 1012 506 1051 mitterem.
568 1012 737 1064 Itaque
775 1013 927 1052 medi-

235 1079 318 1107 cos
337 1067 521 1107 omitted
545 1069 591 1106 M

126 1136 149 1177 3
181 1124 374 1163 aiebant
397 1125 435 1161 R
493 1125 671 1175 agebant
691 1124 782 1164 MG

180 1180 370 1219 delatus
391 1181 553 1219 dilatus
576 1181 622 1219 M

180 1248 303 1288 quae
326 1250 409 1288 quo
431 1236 523 1275 MG
581 1237 696 1288 quod
714 1236 753 1274 R

807 453 929 491 Mar-

162 1362 249 1405 Ep.
279 1363 490 1405 LXXIX
523 1364 685 1422 (Fam.
713 1374 752 1418 5.
782 1365 861 1422 15)

123 1476 145 1504 2
178 1476 376 1516 quaeso,
410 1465 547 1503 deest
581 1465 693 1503 Rost
748 1478 854 1515 quas
884 1465 934 1502 id

233 1527 296 1560 est
316 1522 361 1559 M
421 1522 547 1571 quasi
565 1527 626 1559 est
646 1521 729 1559 GR

178 1577 291 1628 quid
317 1575 483 1628 (before
505 1576 662 1628 dicam)
688 1576 772 1615 GR
819 1577 935 1627 quod

123 1700 149 1737 4
179 1633 331 1728 tuMne
355 1688 439 1727 GR
497 1693 594 1726 tuae
616 1688 662 1726 M

179 1745 420 1783 delectare
442 1744 644 1783 delectari
660 1745 692 1782 Ω

190 1870 276 1913 ΕΡ.
306 1870 487 1913 LXXX
515 1869 678 1926 (Fam.
705 1881 746 1926 9.
773 1869 825 1928 8)

127 1981 142 2008 1
179 1970 445 2009 ostenderit
466 1970 695 2009 ostenderet
719 1971 761 2007 Ψ

179 2026 306 2066 illius
332 2027 422 2064 HD
482 2028 571 2065 eius
603 2026 649 2064 M

125 2093 146 2120 2
180 2089 228 2121 at
252 2082 426 2122 saltem
451 2082 542 2120 HD
601 2083 663 2121 ad
677 2083 803 2121 altem
825 2081 871 2120 M

179 2138 255 2176 vel
276 2144 364 2176 tum
388 2139 456 2176 vel
477 2139 522 2176 M

161 2262 247 2304 ΕΡ.
277 2261 483 2304 LXXXI
519 2262 683 2319 (Fam.
712 2271 751 2314 7.
781 2262 862 2319 24)

127 2373 142 2399 1
182 2362 350 2413 Cipius
400 2363 526 2401 citius
577 2362 622 2399 M

234 2420 356 2456 tilius
388 2419 426 2456 R

125 2485 146 2512 2
180 2474 342 2513 Sestio
363 2475 496 2512 sentio
518 2473 610 2512 MR
667 2474 798 2511 sextio
821 2472 860 2511 G

179 2536 429 2568 unctorem
450 2530 495 2568 M
546 2535 756 2567 cantorem
776 2529 928 2567 Manu-

235 2586 320 2624 tius

710 2362 838 2400 cicius
889 2361 929 2400 G

160 2711 246 2753 ΕΡ.
277 2711 513 2754 LXXXII
541 2712 699 2765 (Fam.
728 2721 766 2763 7.
790 2711 871 2768 25)

129 2822 143 2848 1
179 2823 239 2850 ne
264 2840 274 2850 .
299 2840 310 2850 .
334 2841 345 2850 .
367 2812 680 2851 habuerimus
713 2809 928 2849 Streicher

236 2869 323 2905 nisi
342 2869 467 2905 istum
493 2868 765 2905 habuerimus
789 2867 833 2904 M
877 2879 927 2904 ne

235 2924 274 2961 si
292 2925 356 2961 ist.
371 2924 464 2961 lzab.
481 2923 562 2961 GR
613 2935 675 2967 ne,
695 2923 783 2959 nisi
798 2923 923 2958 istum

235 2980 474 3017 caverimus
486 2977 707 3016 Victorius
757 2991 821 3023 ne,
842 2977 929 3014 nisi

234 3035 363 3072 istum
397 3034 615 3084 placatum
655 3033 928 3070 habuerimus

236 3102 286 3127 or
325 3103 388 3135 ne,
421 3090 461 3127 si
498 3090 624 3127 istum
668 3090 828 3127 iratum
862 3088 928 3138 (or

1157 287 1402 339 inimicum)
1441 289 1715 329 habuerimus
1751 292 1847 332 We-

1157 341 1342 394 senberg

1100 394 1272 449 γέλωτα
1343 398 1587 450 σαρδάνιον
1654 404 1847 450 Ὑελωια

1155 455 1429 502 σαρδανιον
1462 457 1507 495 Μ
1566 458 1734 505 ’γέλωτα
1756 474 1847 509 σαρ-

1155 509 1283 547 δόνιον
1333 510 1518 551 Ernesti.

1154 571 1362 618 mentary.

1101 620 1359 661 Catonium
1412 623 1650 664 Salmasius
1733 628 1847 666 Cato-

1154 690 1270 714 mum
1294 679 1337 715 Ω.
1400 679 1481 718 See
1504 680 1827 734 Commentary.

1103 732 1369 773 Catoninos
1402 736 1447 773 M
1527 737 1765 776 Catom‘mos
1807 739 1846 777 G

1161 790 1419 829 Catonianos
1443 791 1555 830 Boot

1046 854 1067 881 2
1100 844 1213 883 audi
1235 847 1268 882 Σ
1327 847 1448 884 audii
1468 847 1513 885 M
1571 849 1679 886 audi
1696 850 1745 888 id
1763 849 1846 888 GR

1154 902 1290 1008 {zulcltiy
1304 901 1324 940 .?
1341 902 1658 942 Mendelssohn
1676 904 1846 956 (doubt-

1175 969 1202 994 u
1237 970 1263 1009 y
1308 1003 1310 1005 ‚

1599 514 1680 553 See
1721 514 1847 554 Com-

1050 1076 1138 1118 ΕΡ.
1167 1077 1431 1119 LXXXIII
1462 1078 1590 1137 (Aa.
1622 1091 1689 1134 13.
1719 1082 1799 1139 52)

1047 1188 1061 1214 1
1098 1183 1197 1215 tam
1221 1189 1418 1228 gravem
1449 1177 1777 1231 ἀμεταμέλητον
1799 1180 1846 1219 Μ

1146 1246 1339 1283 gravem,
1361 1239 1503 1272 tamen
1530 1236 1847 1283 ἀμεταμέλη-

1155 1303 1241 1326 τον
1264 1289 1377 1327 Boot

1099 1356 1195 1383 non
1218 1346 1423 1384 mutavit
1465 1346 1510 1384 M
1570 1360 1655 1385 non
1677 1348 1850 1385 mutivit

1158 1401 1270 1438 Boot
1331 1403 1497 1440 vultum
1539 1415 1624 1440 non
1665 1404 1869 1442 mutavit·

1155 1457 1406 1510 commonly
1427 1457 1596 1507 printed

1046 1523 1066 1550 2
1101 1512 1271 1551 eodem
1294 1513 1353 1551 ad
1377 1524 1453 1551 me
1478 1514 1523 1551 M
1581 1514 1757 1553 elzodum
1790 1515 1851 1554 aa'

1154 1581 1219 1606 me
1270 1568 1537 1620 Peerlkamp.
1627 1569 1695 1609 Cf.
1747 1571 1844 1609 Ter.

1154 1625 1268 1662 And.
1307 1623 1383 1674 184

1037 1758 1125 1800 Ep.
1155 1758 1411 1801 LXXXIV
1438 1759 1603 1818 (Fam.
1635 1771 1702 1813 13.
1731 1762 1812 1818 50)

1100 1858 1257 1897 Acilio
1281 1858 1442 1897 Schiitz
1471 1859 1558 1898 and
1593 1859 1845 1899 Lallemand

1158 1914 1228 1965 (cf.
1280 1916 1401 1953 Fam.
1453 1925 1489 1964 7.
1532 1927 1584 1966 30
1634 1914 1719 1954 and
1773 1916 1842 1968 31)

1155 1972 1351 2008 AuctoxIJ

1048 2037 1062 2064 1
1099 2027 1322 2078 quodque
1354 2026 1444 2064 HD
1504 2040 1664 2078 quoque
1687 2027 1733 2066 M

1059 2146 1146 2188 ΕΡ.
1175 2146 1428 2188 LXXXVI
1460 2147 1622 2204 (Fam.
1655 2158 1722 2189 11.
1753 2147 1801 2204 1)

1045 2258 1068 2298 3
1100 2246 1370 2285 cedendum
1391 2247 1645 2285 caedendum
1672 2247 1718 2284 M

1043 2314 1067 2351 4
1102 2302 1364 2342 Caecilium
1391 2304 1579 2341 Caelium
1604 2303 1646 2340 Ψ

1038 2428 1123 2471 ΕΡ,
1155 2427 1436 2469 LXXXVII
1468 2428 1630 2485 (Fam.
1658 2439 1699 2482 9.
1732 2428 1810 2485 14)

1046 2540 1061 2567 1
1098 2528 1145 2567 in
1189 2529 1311 2567 haee
1355 2527 1460 2566 loca
1499 2526 1694 2565 veniant
1738 2527 1844 2577 (con-

1153 2585 1330 2622 veniant
1357 2582 1419 2634 H)
1453 2584 1494 2620 xp
1552 2584 1596 2619 in
1628 2583 1728 2621 llaec
1756 2583 1842 2620 loca

1152 2641 1337 2684 veniant,
1351 2639 1608 2677 coizvem'unt
1619 2637 1842 2676 Lehmann

1098 2696 1212 2746 quin
1238 2696 1326 2733 HD
1387 2696 1463 2745 qui
1484 2695 1529 2732 M

1042 2763 1065 2803 3
1099 2759 1145 2790 et
1164 2750 1431 2802 gratulorD
1477 2751 1516 2787 ei
1527 2750 1728 2800 gratulor
1745 2749 1841 2787 MH

1098 2814 1181 2846 tua
1244 2806 1510 2856 Wesenberg
1595 2811 1684 2843 tum
1744 2804 1841 2842 MH

1152 2876 1245 2900 cnm
1274 2863 1313 2899 I)

1043 2930 1121 2970 3-4
1155 2924 1242 2956 est.
1304 2918 1345 2955 A
1370 2923 1415 2955 te
1438 2922 1589 2955 aestate
1609 2917 1651 2954 Ψ

1043 2986 1066 3022 4
1099 2975 1283 3012 iocatus
1327 2973 1366 3010 D
1435 2972 1593 3010 locatus
1634 2971 1678 3010 H
1736 2971 1843 3011 locu-

1153 3035 1218 3066 tus
1243 3029 1287 3066 M

1098 3096 1261 3123 amore
1283 3096 1467 3123 amorem
1486 3084 1529 3122 Ψ
