2067 3332
161 838 209 879 16

239 150 315 189 132
794 148 1071 188 CICERO'S
1114 149 1400 187 LETTERS.

1565 134 1569 137 “
1636 150 1734 202 [Ep.
1759 151 1972 190 XXXIV.

237 288 330 356 qui
372 289 468 339 uni
511 287 612 338 tibi
654 296 738 338 est
782 287 1019 338 maxime
1062 288 1425 339 necessarius,
1511 288 1669 355 Quae
1719 289 1765 339 si
1806 290 1972 340 etiam

238 379 444 429 maiora
497 386 643 438 sunt,
697 385 752 427 et
807 377 862 427 in
918 377 1175 428 omnibus
1243 377 1477 428 saeculis
1533 378 1819 444 pauciores
1872 379 1974 430 viri

238 468 444 535 reperti
486 476 616 518 sunt
673 467 766 534 qui
821 484 948 518 suas
1004 467 1338 533 cupiditates
1381 485 1544 534 quam
1587 468 1680 535 qui
1728 469 1972 520 hostium

239 558 423 625 copias
453 558 756 618 vincerent,
789 564 874 608 est
914 557 1167 623 profecto
1210 565 1384 618 tuum,
1418 575 1542 608 cum
1585 559 1652 608 ad
1694 575 1782 609 res
1824 559 1974 609 belli-

239 666 330 700 cas
359 649 495 700 haec
524 664 664 715 quae
693 648 899 698 rariora
928 655 982 698 et
1013 647 1322 698 difficiliora
1360 655 1489 698 sunt
1518 665 1723 715 genera
1750 648 1973 701 virtutis

239 738 568 799 adiunxeriS,
602 738 748 804 ipsas
791 737 958 788 etiam
990 737 1111 787 illas
1142 754 1228 787 res
1258 745 1445 804 gestas
1477 737 1733 789 iustiores
1764 755 1888 789 esse
1918 747 1972 789 et

240 828 474 879 maiores
503 836 714 894 putare.
789 828 1114 878 Extremum
1146 827 1279 877 illud
1310 835 1410 888 est,
1445 835 1505 878 ut
1535 828 1690 894 quasi
1720 828 1973 880 diffidens

240 918 516 985 rogationi
557 934 713 968 meae
755 917 1160 984 philosophiam
1203 917 1271 967 ad
1312 925 1369 968 te
1411 917 1678 984 adlegem,
1724 935 1831 985 qua
1871 935 1974 970 nec

241 1008 376 1058 mihi
405 1008 579 1059 carior
607 1007 716 1058 ulla
745 1025 986 1074 unquam
1027 1023 1113 1058 res
1157 1007 1212 1057 in
1241 1007 1355 1057 vita
1394 1007 1500 1058 fuit
1543 1024 1646 1058 nec
1688 1008 1972 1059 hominum

241 1099 432 1166 generi
474 1098 650 1148 maius
692 1115 723 1148 a
764 1097 868 1148 diis
911 1114 1113 1148 munus
1163 1097 1334 1148 ullum
1391 1104 1475 1148 est
1525 1098 1730 1149 datum.
1817 1099 1974 1150 Haec

242 1188 411 1255 igitur
451 1205 591 1255 quae
640 1187 775 1238 mihi
817 1195 1002 1238 tecum
1047 1187 1358 1238 communis
1400 1194 1485 1238 est
1528 1188 1765 1239 societas
1808 1188 1975 1239 studi-

242 1296 398 1329 orum
428 1286 594 1345 atque
623 1278 824 1328 artium
859 1285 1189 1338 nostrarum,
1224 1278 1422 1344 quibus
1464 1294 1496 1328 a
1537 1278 1774 1344 pueritia
1803 1279 1974 1330 dediti

243 1386 304 1420 ac
337 1368 581 1419 devincti
624 1368 727 1418 soli
769 1369 1168 1434 propemodum
1212 1385 1313 1418 nos
1356 1368 1759 1434 philosophiam
1788 1385 1974 1419 veram

242 1459 390 1509 illam
421 1467 475 1509 et
505 1458 806 1525 antiquam,
840 1475 979 1525 quae
1008 1458 1338 1525 quibusdam
1369 1457 1448 1508 oti
1477 1474 1600 1508 esse
1641 1475 1703 1509 ac
1733 1459 1975 1510 desidiae

243 1549 474 1609 videtur,
508 1549 564 1598 in
592 1549 772 1598 forum
804 1556 970 1615 atque
1000 1548 1056 1598 in
1085 1565 1199 1599 rem
1230 1565 1280 1614 p.
1313 1556 1479 1615 atque
1509 1548 1565 1598 in
1595 1548 1769 1615 ipsam
1800 1549 1971 1599 aciem

244 1656 419 1706 paene
448 1639 790 1699 deduximUS,
823 1647 1008 1689 tecum
1039 1638 1155 1705 agit
1185 1639 1254 1689 de
1283 1655 1406 1689 mea
1447 1638 1623 1698 laude,
1657 1639 1744 1689 cui
1785 1638 1977 1705 negari

244 1747 275 1780 a
305 1729 518 1780 Catone
545 1728 629 1779 sas
661 1745 783 1779 esse
812 1745 924 1779 non
953 1735 1104 1794 put0.
1190 1728 1566 1794 Quamobrem
1596 1728 1699 1779 tibi
1741 1728 1818 1780 sic
1861 1745 1979 1795 per-

245 1820 477 1870 suadeas
506 1818 697 1869 velim:
741 1819 786 1869 si
815 1818 951 1868 mihi
980 1826 1078 1869 tua
1106 1818 1387 1869 sententia
1414 1818 1657 1869 tributus
1692 1818 1868 1869 honos
1911 1835 1978 1869 ex

245 1910 380 1960 meis
410 1909 611 1959 litteris
640 1909 825 1969 fuerit,
859 1925 947 1959 me
978 1909 1056 1960 sic
1087 1908 1545 1969 existimaturum,
1580 1926 1704 1959 cum
1746 1908 1976 1959 auctori-

243 2008 360 2051 tate
390 2008 501 2060 tua,
535 2008 654 2049 turn
687 1999 1077 2050 benevolentia
1107 2015 1238 2066 erga
1267 2015 1354 2049 me
1384 1998 1532 2059 mihi,
1567 1999 1713 2065 quod
1743 1998 1976 2050 maxime

245 2090 526 2156 cupierim,
558 2089 880 2156 contigisse.

245 2220 571 2265 Ariobarzanes,
587 2220 639 2259 cf.
653 2219 698 2268 63
716 2219 784 2259 for
802 2219 869 2260 his
886 2212 1076 2260 services

246 2283 290 2314 to
315 2277 497 2329 Cyprus,
519 2275 712 2327 cfifalso,
738 2288 758 2314 2
782 2289 821 2314 n.

305 2331 366 2370 16.
398 2331 752 2382 philosophiam
774 2343 955 2370 veram:
980 2331 1070 2370 Cic-

245 2400 329 2432 ero,
360 2387 403 2425 in
434 2400 482 2425 so
512 2387 578 2425 far
608 2399 655 2425 as
691 2387 826 2425 ethics
857 2399 943 2425 was
974 2399 1070 2425 con-

246 2442 412 2487 eerned,
435 2455 532 2487 was,
553 2442 639 2480 like
672 2443 797 2487 Cato,
819 2455 843 2480 a
876 2442 1070 2481 Stoic.——

247 2509 367 2548 quae
406 2526 416 2535 .
450 2526 460 2535 .
495 2526 506 2536 .
537 2497 752 2536 videtur:
803 2497 875 2536 the
924 2498 1069 2536 innate

246 2553 465 2604 prejudice
501 2552 547 2590 of
577 2552 650 2591 the
681 2553 872 2592 Romans
902 2553 1069 2603 against

247 2608 359 2646 what
382 2608 533 2646 Cicero
562 2607 790 2646 elsewhere
816 2608 920 2658 (Att.
945 2620 979 2645 2.
1007 2607 1066 2647 16.

248 2663 288 2714 3)
315 2663 417 2701 calls
445 2663 464 2700 ὁ
495 2663 727 2710 θεωρητικὸς
757 2664 841 2711 βίος
863 2675 947 2701 was
970 2675 1069 2714 very

246 2724 407 2768 strong.
422 2729 514 2755 —a
539 2718 720 2756 Catone
740 2732 749 2756 :
774 2717 843 2755 for
863 2729 889 2755 a
908 2717 1069 2756 similar

1156 2220 1352 2260 effective
1369 2233 1443 2259 use
1459 2220 1504 2258 of
1521 2220 1593 2259 the
1611 2233 1764 2271 proper
1777 2233 1893 2258 noun
1907 2220 1976 2258 for

1156 2276 1228 2315 the
1249 2289 1460 2326 pronoun,
1484 2275 1537 2314 cf.
1560 2277 1679 2314 Fam.
1705 2287 1740 2312 2.
1762 2287 1799 2323 4.
1827 2287 1840 2313 1
1873 2276 1980 2326 quid

1154 2338 1214 2369 est
1232 2333 1346 2383 qnod
1353 2334 1489 2381 possit
1509 2333 1705 2381 graviter
1730 2345 1754 2368 a
1782 2332 1976 2370 Cicerone

1155 2388 1282 2425 scribi
1308 2389 1369 2425 ad
1403 2388 1624 2425 Curionem
1661 2385 1845 2436 (instead
1876 2386 1923 2423 of
1951 2399 1975 2423 α

1156 2456 1220 2480 me
1238 2443 1364 2481 scribi
1383 2443 1443 2480 ad
1459 2442 1511 2491 te)
1528 2443 1609 2479 ?——
1627 2453 1682 2479 ex
1704 2441 1824 2479 meis
1849 2441 1976 2479 litte-

1155 2497 1241 2535 ris:
1273 2498 1334 2534 i.e.
1359 2510 1415 2534 on
1438 2497 1509 2535 the
1541 2496 1654 2534 basis
1686 2496 1732 2534 of
1762 2496 1834 2533 the
1865 2495 1975 2534 facts

1154 2551 1296 2590 stated
1325 2552 1367 2590 in
1398 2552 1482 2590 this
1513 2552 1638 2589 letter
1668 2550 1752 2589 and
1783 2551 1824 2588 in
1853 2552 1974 2588 Fam.

1159 2618 1219 2659 15·
1246 2618 1259 2644 1
1287 2607 1371 2645 and
1394 2619 1428 2651 2,
1452 2606 1686 2645 addressed
1718 2613 1762 2644 to
1791 2606 1863 2644 the
1884 2618 1975 2644 sen-

1154 2669 1234 2700 ate.
1315 2662 1400 2700 For
1437 2663 1601 2701 litterae
1635 2661 1682 2700 of
1711 2673 1829 2699 more
1869 2661 1973 2698 than

1153 2729 1236 2756 one
1259 2716 1395 2762 letter,
1418 2716 1471 2755 cf.
1496 2717 1573 2767 Ep.
1599 2716 1763 2754 XCIX.
1791 2727 1805 2753 1
1832 2728 1873 2754 n.
