2067 3332
214 168 293 208 218
778 169 1056 208 CICERO'S
1099 169 1386 209 LETTERS.
1637 168 1737 221 [Ep.
1762 170 1950 209 LXXII.

210 315 268 358 te
307 308 360 358 id
403 325 565 374 spero
580 325 592 370 ;
635 308 748 358 scio
792 308 940 358 enim
985 308 1178 361 solere.
1265 308 1376 360 Sed
1418 316 1605 359 tamen
1649 308 1951 360 Caerelliae

212 405 598 464 procuratores
631 397 974 464 scripserunt
1004 405 1060 449 te
1089 406 1316 465 propter
1350 398 1792 465 magnitudinem
1835 416 1951 464 pro-

211 487 425 538 vinciae
455 487 984 555 multitudinemque
1013 488 1364 554 negotiorum
1396 488 1561 538 etiarn
1587 495 1754 554 atque
1785 488 1950 539 etiam

213 594 338 628 esse
367 577 991 629 commonefaciendum.
1080 578 1213 628 Peto
1253 577 1424 645 igitur
1459 585 1519 628 ut
1549 577 1866 628 memineris
1894 585 1951 629 te

213 668 396 718 omnia
418 684 557 734 quae
580 675 676 718 tua
703 668 839 718 fides
870 675 1155 734 pateretur
1184 667 1318 717 mihi
1348 667 1626 718 cumulate
1655 667 1947 734 recepisse.

215 758 488 824 Equidem
520 757 776 808 existimo
806 758 1010 808 habere
1039 765 1095 808 te
1126 774 1383 824 magnam
1412 757 1738 808 facultatem
1761 788 1834 794 —
1855 758 1951 808 sed

214 848 316 898 hoc
345 847 428 897 tui
457 855 542 898 est
572 847 769 898 consili
799 855 853 898 et
885 847 1230 898 iudici—ex
1259 864 1323 898 eo
1360 864 1400 898 s,
1434 864 1478 899 c,
1511 847 1658 914 quod
1701 847 1757 897 in
1798 847 1951 898 here-

213 938 310 988 des
343 937 401 988 C.
428 937 692 988 Vennoni
720 937 931 988 factum
963 945 1063 998 est,
1094 937 1396 988 Caerelliae
1426 937 1826 988 commodandi.
1887 937 1951 988 Id

215 1034 442 1077 senatus
473 1026 788 1078 consultum
818 1034 879 1077 tu
912 1027 1349 1093 interpretabere
1391 1043 1489 1092 pro
1528 1034 1624 1077 tua
1653 1026 1952 1093 sapientia;

215 1117 328 1168 scio
377 1117 524 1167 enim
574 1116 691 1167 eius
741 1117 949 1167 ordinis
1000 1117 1388 1167 auctoritatem
1441 1133 1659 1182 semper
1707 1116 1850 1182 apud
1895 1123 1952 1167 te

215 1207 401 1273 magni
429 1207 622 1257 fuisse.
709 1207 874 1273 Quod
905 1206 1176 1273 reliquum
1207 1214 1307 1267 est,
1343 1207 1421 1257 sic
1451 1206 1615 1256 velim
1647 1206 1945 1267 existimeS,

214 1297 655 1364 quibuscumque
684 1297 851 1347 rebus
883 1295 1188 1347 Caerelliae
1217 1296 1458 1363 benigne
1487 1296 1704 1357 feceriS,
1731 1295 1865 1346 mihi
1895 1303 1952 1346 te

215 1386 594 1453 gratissimum
625 1402 749 1437 esse
778 1386 1073 1437 facturum.

727 1588 975 1639 LXXII.
1038 1588 1173 1657 (Aa.
1214 1602 1294 1639 12.
1334 1588 1438 1655 16.)

750 1732 979 1772 CICERO
1021 1733 1253 1771 ATTICO
1296 1732 1422 1771 SAL.

294 1845 376 1895 Te
424 1844 536 1895 tuis
584 1844 827 1910 negotiis
878 1843 1086 1894 relictis
1136 1844 1262 1894 nolo
1305 1844 1373 1893 ad
1416 1860 1503 1894 me
1543 1843 1747 1895 venire.
1833 1844 1954 1910 Ego

219 1935 403 2001 potius
447 1935 722 1995 accedam,
769 1934 815 1984 si
858 1934 1067 1984 diutius
1111 1933 1442 1999 impediere;
1493 1933 1600 1983 etsi
1642 1950 1712 1984 ne
1754 1933 1955 1984 disces-

220 2024 416 2075 sissem
465 2024 688 2090 quidem
738 2040 767 2074 e
817 2031 1121 2089 conspectu
1164 2031 1278 2084 tuo,
1323 2023 1430 2073 nisi
1475 2040 1564 2073 me
1608 2023 1768 2089 plane
1818 2022 1953 2072 nihil

221 2113 331 2164 ulla
359 2131 445 2164 res
475 2113 775 2164 adiuvaret.
863 2113 1028 2180 Quod
1071 2113 1117 2163 si
1147 2120 1296 2163 esset
1339 2112 1558 2179 aliquod
1601 2113 1868 2173 levamen,
1902 2113 1955 2162 id

221 2211 370 2254 esset
402 2203 456 2252 in
487 2211 543 2253 te
573 2220 699 2263 un0,
733 2211 787 2253 et
819 2220 943 2254 cum
974 2202 1209 2268 primum
1244 2203 1312 2252 ab
1342 2202 1523 2269 aliquo
1566 2201 1769 2268 poterit
1813 2218 1953 2262 esse,

222 2310 253 2343 a
280 2301 337 2343 te
366 2293 486 2343 erit.
560 2293 725 2343 Nunc
755 2301 942 2343 tamen
972 2292 1152 2358 ipsum
1183 2291 1303 2342 sine
1332 2299 1388 2342 te
1419 2308 1541 2342 esse
1571 2308 1681 2341 non
1712 2308 1951 2357 possum.

281 2436 315 2462 2.
348 2424 607 2474 recepisse:
631 2424 683 2462 cf.
709 2424 785 2474 Ep.
810 2424 938 2461 VIII.
964 2435 984 2461 2
1003 2437 1043 2461 n.

222 2503 278 2508 -—
293 2480 343 2518 C.
364 2480 604 2519 Vennoni:
626 2479 834 2530 probably
851 2479 924 2517 the
945 2491 1045 2517 man

224 2534 473 2573 mentioned
494 2535 535 2571 in
561 2535 636 2584 Ep.
662 2535 850 2572 XXXV.
876 2545 937 2585 25.

281 2590 469 2627 LXXII.
532 2591 704 2633 Astura,
749 2590 856 2627 Mar.
898 2601 956 2634 10,
994 2599 1045 2640 45

226 2656 306 2683 B.C.
346 2645 439 2683 The
461 2644 589 2683 death
612 2645 658 2682 of
678 2644 744 2682 his
767 2645 868 2696 only
889 2644 1047 2694 daugh-

226 2707 300 2745 ter,
340 2700 491 2745 Tullia,
527 2699 569 2737 in
606 2700 678 2738 the
714 2701 842 2738 latter
875 2706 969 2750 part
1004 2698 1049 2737 of

229 2755 343 2800 Feb„
359 2766 423 2807 45,
443 2754 604 2793 robbed
627 2755 780 2793 Cicero
803 2754 850 2793 of
872 2755 943 2793 the
967 2767 1048 2792 one

226 2823 381 2861 person
422 2817 467 2848 to
509 2810 650 2848 whom
691 2810 746 2849 he
776 2823 861 2848 was
897 2810 1049 2861 deeply

227 2865 441 2911 attached,
470 2865 556 2904 and
586 2866 663 2904 left
694 2865 781 2903 him
813 2865 1050 2903 inconsola-

226 2920 308 2958 ble.
371 2921 440 2958 He
468 2920 632 2959 betook
664 2920 837 2959 himself
868 2927 911 2958 at
943 2932 1049 2958 once

228 2981 273 3013 to
305 2988 329 3013 a
360 2976 495 3013 house
527 2975 758 3025 belonging
789 2982 833 3013 to
867 2975 1048 3019 Atticus,

228 3043 330 3068 near
364 3032 512 3075 Rome,
546 3030 630 3068 and
667 3030 766 3068 then
800 3031 840 3067 in
874 3043 898 3068 a
928 3030 1049 3068 short

229 3085 330 3122 time
357 3092 401 3122 to
424 3085 489 3123 his
511 3086 687 3136 solitary
709 3085 807 3122 villa
831 3098 944 3134 upon
976 3084 1049 3122 the

1133 2422 1273 2463 island
1314 2422 1360 2461 of
1410 2424 1581 2468 Astura,
1624 2423 1762 2462 where
1801 2423 1855 2462 he
1895 2435 1954 2461 re-

1135 2477 1305 2517 mained
1326 2479 1463 2523 alone,
1487 2479 1654 2529 writing
1675 2478 1787 2530 daily
1807 2479 1954 2517 letters

1134 2541 1179 2572 to
1213 2534 1383 2572 Atticus
1409 2534 1508 2584 (Att.
1537 2545 1597 2571 12.
1621 2534 1759 2584 9—44),
1783 2533 1866 2571 and
1898 2546 1955 2571 re-

1134 2589 1299 2637 ceiving
1318 2589 1464 2627 letters
1487 2588 1534 2626 of
1559 2588 1822 2627 condolence
1843 2588 1956 2626 from

1138 2644 1362 2694 Sulpicius,
1401 2643 1637 2689 Dolabella,
1673 2643 1758 2682 and
1798 2643 1956 2682 other's.

1138 2699 1204 2737 Cf.
1237 2700 1327 2737 also
1362 2699 1465 2737 Intr.
1498 2709 1559 2750 51,
1590 2710 1650 2751 53.

1192 2766 1317 2793 nunc
1349 2754 1522 2804 ipsum,
1558 2760 1604 2792 at
1629 2754 1715 2792 tlzis
1745 2767 1846 2804 very
1877 2766 1957 2792 mo-

1136 2817 1259 2848 ment.
1322 2810 1442 2848 With
1485 2810 1569 2847 this
1605 2810 1815 2859 meaning,
1849 2814 1959 2859 ‘pre-

1137 2865 1264 2917 cisely
1280 2864 1289 2881 '
1312 2877 1359 2902 or
1383 2864 1519 2914 ‘just‚'
1541 2866 1677 2914 ipsum
1703 2864 1736 2902 is
1758 2877 1854 2902 now
1875 2862 1959 2902 and

1138 2920 1239 2958 then
1261 2919 1398 2957 found
1421 2919 1521 2957 with
1544 2918 1725 2957 adverbs
1756 2919 1803 2957 of
1832 2919 1958 2967 time;

1137 2975 1190 3012 cf.
1226 2988 1339 3012 nunc
1371 2976 1507 3023 ipsum
1545 2987 1627 3011 non
1658 2975 1846 3012 dubitabo
1871 2986 1956 3011 rem

1135 3035 1296 3067 tantam
1320 3029 1483 3073 abicere,
1503 3030 1590 3066 Att.
1610 3040 1645 3077 7.
1666 3040 1700 3079 3.
1726 3040 1746 3066 2
1768 3042 1776 3077 ;
1800 3042 1850 3066 ne
1869 3035 1957 3067 tum

1135 3086 1272 3133 iprum
1314 3084 1521 3129 accideret,
1562 3089 1654 3129 etc.‚
1699 3085 1747 3122 de
1800 3085 1870 3121 Or.
1926 3094 1957 3120 1.
