2067 3332
186 193 263 233 182
748 193 1025 232 CICERO'S
1069 193 1356 232 LETTERS.
1679 192 1777 244 [Ep.
1802 193 1914 231 LIV.

737 388 886 440 LIV.
948 389 1121 458 (Fam.
1163 404 1241 453 14.
1283 390 1389 456 19.)

534 533 794 572 TVLLIVS
837 533 1196 572 TERENTIAE
1240 534 1396 572 SVAE
1439 533 1481 573 S.
1523 533 1578 572 D.

262 645 327 695 In
375 643 626 695 maximis
676 644 814 695 meis
863 643 1146 695 doloribus
1197 644 1474 696 excruciat
1523 661 1612 696 me
1659 644 1919 696 valetudo

182 733 396 785 Tulliae
426 742 667 795 nostrae,
701 735 768 784 de
798 751 904 801 qua
933 733 1070 784 nihil
1100 741 1184 785 est
1215 735 1359 801 quod
1389 734 1455 785 ad
1498 741 1553 785 te
1596 734 1751 801 plura
1792 734 1920 786 scri-

182 825 342 886 bam;
392 824 494 874 tibi
537 824 684 874 enim
727 841 899 891 aeque
941 841 1175 891 magnae
1218 841 1381 875 curae
1426 841 1550 875 esse
1592 831 1744 875 certo
1787 824 1914 876 sci0.

184 914 349 981 Quod
391 931 478 964 me
521 914 746 980 propius
776 914 945 965 vultis
987 915 1266 974 accedere,
1307 914 1467 965 video
1510 913 1587 964 ita
1627 931 1751 965 esse
1792 914 1920 965 faci-

182 1005 417 1066 endum;
463 1004 628 1054 etiam
672 1011 801 1054 ante
842 1004 1119 1064 fecissem,
1154 1005 1251 1054 sed
1287 1021 1373 1054 me
1411 1003 1585 1054 multa
1626 1003 1920 1070 impedive-

182 1101 325 1155 runt,
384 1111 523 1160 quae
577 1110 647 1144 ne
702 1111 849 1145 nunc
903 1093 1123 1160 quidem
1181 1094 1438 1159 expedita
1491 1100 1638 1144 sunt.
1724 1093 1835 1145 Sed
1889 1110 1921 1144 a

184 1183 485 1250 Pomponio
521 1191 782 1250 exspecto
821 1183 1052 1242 litteraS,
1087 1200 1220 1250 quas
1259 1183 1327 1233 ad
1366 1200 1453 1234 me
1481 1200 1643 1250 quam
1683 1183 1918 1249 primum

181 1273 543 1340 perferendas
573 1290 731 1325 cures
760 1273 942 1325 velim.
1025 1273 1114 1324 Da
1142 1289 1363 1339 operam
1393 1280 1453 1323 ut
1483 1272 1681 1325 valeas,

741 1488 860 1540 LV.
921 1489 1096 1558 (Fam.
1136 1503 1215 1553 14.
1256 1489 1361 1557 17.)

533 1633 794 1673 TVLLIVS
836 1633 1195 1672 TERENTIAE
1238 1633 1396 1672 SVAE
1438 1634 1479 1673 S.
1521 1634 1575 1672 D.

261 1745 318 1798 S.
342 1762 392 1797 V.
416 1746 468 1797 b.
494 1762 540 1797 e.
564 1745 632 1797 V.
707 1744 767 1796 Si
796 1745 923 1811 quid
953 1745 1214 1796 haberem
1244 1745 1389 1811 quod
1418 1746 1485 1796 ad
1515 1753 1571 1796 te
1601 1744 1915 1806 scriberem,

182 1836 425 1887 facerem
461 1835 514 1885 id
554 1842 608 1885 et
651 1834 902 1901 pluribus
930 1834 1114 1885 verbis
1156 1842 1210 1885 et
1254 1835 1490 1901 saepius,
1576 1835 1739 1886 Nunc
1780 1851 1919 1902 quae

186 1925 297 1976 sint
340 1925 567 1992 negotia
606 1924 761 1975 vides
776 1942 786 1986 ;
829 1941 934 1992 ego
977 1931 1163 1975 autem
1205 1925 1479 1991 quomodo
1522 1924 1621 1975 sim
1666 1924 1919 1975 adfectus

186 2032 252 2066 ex
292 2016 472 2081 Lepta
512 2022 567 2065 et
609 2014 876 2065 Trebatio
918 2014 1126 2081 poteris
1169 2031 1520 2081 cognoscere.
1604 2014 1691 2065 Tu
1730 2014 1817 2065 fac
1860 2021 1920 2064 ut

187 2113 336 2156 tuam
367 2113 422 2155 et
452 2104 668 2155 Tulliae
697 2104 1073 2154 valetudinem
1105 2120 1279 2155 cures.
1364 2104 1515 2155 Vale.

244 2235 359 2274 LIV.
402 2233 691 2280 Brundisium,
726 2235 838 2273 Nov.
871 2245 933 2284 27,
960 2233 1011 2283 48
1155 2234 1245 2272 LV.
1292 2233 1579 2280 Brundisium,
1621 2234 1726 2273 Dec.
1767 2232 1827 2280 18,
1869 2232 1919 2282 48

190 2301 272 2329 B.c.
1100 2299 1181 2327 B.C.

243 2346 291 2385 in
313 2345 535 2384 maximis
558 2374 568 2383 .
593 2375 600 2382 .
625 2374 635 2384 .
658 2345 926 2384 doloribus:
958 2344 1010 2384 cf.
1155 2357 1191 2383 s.
1213 2356 1256 2382 v.
1280 2346 1323 2383 b.
1356 2356 1396 2383 e.
1425 2357 1469 2382 v.
1491 2359 1499 2382 z
1540 2344 1592 2383 cf.
1626 2344 1730 2382 Intr.
1753 2343 1803 2382 62
1836 2342 1920 2382 and

190 2402 294 2439 Intr.
327 2401 602 2452 32.—quod
636 2430 645 2439 .
681 2429 690 2438 .
724 2429 733 2438 .
767 2401 1012 2439 accedere:
1100 2399 1179 2450 Ep.
1222 2400 1337 2437 LVI.
1378 2413 1490 2437 n.—-
1513 2400 1695 2449 Lepta:
1745 2399 1797 2437 cf.
1840 2399 1918 2448 Ep.

189 2457 360 2495 Atticus
391 2456 476 2494 had
516 2456 641 2506 given
685 2456 756 2494 the
796 2469 914 2494 same
944 2455 1014 2494 ad·
1100 2455 1290 2492 XXXV.
1311 2454 1713 2492 22.—Trebatio:
1745 2466 1817 2492 see
1840 2454 1917 2503 Ep.

188 2511 280 2550 vice
304 2512 407 2562 (Att.
436 2522 494 2548 11.
522 2521 555 2563 5.
580 2510 634 2562 2),
651 2510 729 2549 but
753 2511 905 2549 Cicero
928 2510 1013 2548 had
1100 2510 1227 2548 XXI.
1246 2509 1528 2548 introdnote.
1568 2510 1704 2558 Lepta
1720 2508 1805 2546 and
1823 2509 1920 2546 Tre-

188 2566 402 2605 hesitated
433 2573 477 2604 to
509 2565 642 2617 adopt
675 2566 718 2611 it,
747 2565 816 2603 for
845 2565 937 2604 fear
968 2565 1014 2603 of
1098 2564 1241 2603 batius
1263 2563 1347 2602 had
1370 2571 1455 2602 met
1489 2564 1639 2601 Cicero
1671 2570 1714 2601 at
1748 2561 1921 2601 Brundi-

188 2621 330 2674 injury
359 2628 402 2660 at
435 2621 507 2660 the
547 2621 685 2659 hands
718 2620 764 2658 of
804 2621 876 2659 the
910 2621 1013 2658 Cae·
1099 2620 1222 2658 sium.
1295 2619 1484 2657 Cicero's
1515 2624 1627 2656 state
1660 2617 1707 2655 of
1739 2616 1856 2655 mind
1886 2617 1921 2654 is

189 2677 364 2715 sarians.
387 2676 628 2728 —multa,
676 2682 784 2714 etc.:
833 2689 903 2726 eg.
946 2675 1012 2713 his
1099 2687 1217 2713 more
1257 2674 1362 2726 fully
1402 2672 1616 2711 indicated
1654 2672 1696 2710 in
1737 2685 1762 2710 a
1796 2672 1922 2710 letter

189 2732 363 2779 lictors;
395 2744 466 2769 see
492 2733 577 2769 Att.
605 2742 664 2768 11.
688 2730 724 2769 6.
750 2742 783 2768 2.
801 2754 856 2759 —
875 2732 1012 2769 Pom·
1099 2730 1265 2768 written
1294 2736 1339 2767 to
1366 2728 1536 2769 Atticus
1570 2728 1674 2782 (Att.
1710 2738 1772 2767 11.
1801 2725 1845 2776 8)
1879 2732 1921 2763 at

190 2787 356 2841 ponio:
387 2786 439 2825 cf.
464 2787 566 2824 Intr.
592 2785 653 2839 58.
1100 2784 1186 2826 this
1209 2784 1321 2826 time.
