2067 3332
119 150 240 188 Fam.
265 160 301 187 2.
327 147 410 200 16.]
683 146 962 186 CICERO’S
1006 146 1295 186 LETTERS.
1793 145 1871 189 175

120 288 244 350 mei,
273 288 429 340 cuius
459 296 520 339 tu
551 287 787 339 similem
818 288 1095 355 quondam
1126 287 1389 348 habebaS,
1423 288 1520 338 sed
1552 286 1719 338 etiam
1750 304 1872 339 ocu-

119 380 296 431 lorum
340 379 395 430 in
440 379 727 430 hominum
770 378 1131 429 insolentium
1176 378 1512 446 indignitate
1566 377 1868 429 fastidium.

120 470 360 522 Accedit
405 470 572 521 etiam
616 470 850 521 molesta
891 469 1028 521 haec
1071 486 1274 536 pompa
1321 469 1579 520 lictorum
1622 485 1870 520 meorum

121 578 436 629 nomenque
465 561 663 628 imperi
691 578 798 628 quo
829 560 1090 628 appellor.
1178 561 1261 611 Eo
1306 560 1352 611 si
1394 576 1563 611 onere
1606 576 1867 621 carerem,

120 652 369 720 quamvis
412 652 594 719 parvis
640 651 836 703 Italiae
879 651 1108 702 latebris
1152 658 1453 702 contentus
1502 667 1716 714 essem;
1774 651 1871 702 sed

120 743 352 795 incurrit
395 744 532 795 haec
576 750 769 794 nostra
815 743 1002 794 laurus
1046 759 1158 793 non
1201 742 1379 793 solum
1424 742 1479 792 in
1522 742 1727 803 oculOS,
1775 743 1872 793 sed

119 835 226 886 iam
270 834 438 885 etiam
494 834 550 885 in
594 834 817 886 voculas
872 834 1283 885 malevolorum.
1397 832 1561 900 Quod
1617 850 1740 884 cum
1796 833 1874 883 ita

120 933 288 987 esset,
341 925 418 976 nil
473 934 662 977 tamen
712 942 972 993 umquam
1028 925 1097 975 de
1153 923 1504 991 profectione
1558 923 1666 974 nisi
1713 924 1870 975 vobis

119 1016 556 1084 approbantibus
600 1016 857 1084 cogitavi.
945 1015 1057 1067 Sed
1106 1033 1229 1066 mea
1273 1015 1553 1082 praediola
1596 1015 1700 1066 tibi
1741 1024 1874 1066 nota

42 1142 44 1144 v
120 1116 274 1171 sunt;
320 1108 377 1159 in
408 1107 493 1159 his
521 1100 659 1158 mihi
690 1124 922 1159 necesse
965 1114 1050 1158 est
1094 1123 1217 1158 esse
1260 1123 1331 1157 ne
1373 1107 1562 1158 amicis
1604 1107 1872 1157 molestus

121 1199 241 1251 sim.
329 1199 494 1267 Quod
537 1206 722 1250 autem
767 1198 821 1249 in
865 1197 1158 1249 maritimis
1200 1197 1464 1249 facillime
1507 1215 1642 1258 sum,
1677 1214 1872 1248 moveo

121 1290 405 1342 nonnullis
449 1289 824 1357 suspicionem
867 1289 1008 1340 velle
1051 1305 1139 1340 me
1182 1289 1458 1355 navigare,
1497 1289 1641 1355 quod
1684 1297 1871 1339 tamen

120 1381 363 1433 fortasse
387 1398 499 1432 non
523 1381 743 1442 nollem,
768 1380 814 1431 si
843 1397 1065 1448 possem
1090 1381 1156 1431 ad
1188 1380 1386 1442 otium;
1419 1397 1544 1430 nam
1570 1381 1636 1430 ad
1667 1380 1872 1430 bellum

120 1472 343 1541 quidem
373 1473 466 1540 qui
496 1472 796 1524 convenit?
852 1471 1181 1539 praesertim
1213 1479 1408 1522 contra
1437 1488 1561 1521 eum
1594 1471 1680 1522 cui
1711 1488 1872 1537 spero

120 1581 210 1615 me
253 1563 388 1615 satis
430 1563 649 1625 fecisse,
681 1564 850 1614 abeo
894 1563 982 1614 cui
1026 1563 1131 1613 iam
1177 1562 1311 1613 satis
1355 1562 1473 1612 fieri
1517 1562 1667 1612 nullo
1710 1563 1872 1612 modo

121 1662 326 1722 potest.
410 1654 631 1706 Deinde
663 1654 1001 1707 sententiam
1041 1671 1221 1704 meam
1258 1661 1320 1704 tu
1362 1652 1626 1704 facillime
1668 1653 1874 1720 perspi-

122 1763 248 1798 cere
289 1745 523 1813 potuisti
566 1745 673 1797 iam
716 1746 785 1797 ab
827 1745 920 1796 illo
961 1752 1230 1811 tempore,
1278 1761 1401 1795 curn
1454 1744 1509 1794 in
1562 1744 1872 1795 Cumanum

121 1837 259 1888 mihi
301 1836 519 1888 obviam
564 1836 783 1889 venisti.
878 1837 1007 1887 Non
1051 1836 1198 1886 enim
1243 1844 1300 1886 te
1343 1835 1516 1886 celavi
1560 1852 1872 1885 sermonem

121 1928 186 1980 T.
213 1928 411 1995 Ampi;
439 1927 628 1979 vidisti
650 1945 813 1995 quam
843 1928 1198 1979 abhorrerem
1229 1927 1298 1978 ab
1328 1926 1464 1977 urbe
1494 1926 1870 1992 relinquenda,

121 2075 365 2126 quondam
387 2088 395 2113 ε
428 2074 602 2114 Caelius
628 2073 715 2113 had
744 2074 952 2127 formerly

120 2130 338 2182 belonged
368 2137 414 2169 to
446 2131 519 2170 the
550 2131 783 2170 senatorial
813 2137 949 2183 party.

119 2188 447 2227 —hominum
497 2187 842 2227 insolentium:
896 2187 949 2226 cf.

121 2244 405 2288 insolentiam,
450 2243 527 2294 Ep.
572 2244 619 2281 L.
666 2249 951 2295 5.—-nostra

121 2298 318 2339 laurus:
362 2299 415 2337 cf.
439 2299 584 2350 fasces
613 2299 836 2344 laureatos,
872 2299 950 2350 Ep.

122 2355 260 2393 XLV.
281 2366 301 2407 5
317 2368 357 2393 n.
373 2355 655 2394 —voculasz
678 2354 752 2393 the
775 2354 953 2393 diminu—

120 2410 207 2450 tive
224 2423 447 2462 expresses
462 2417 697 2462 contempt.
721 2411 816 2449 The
833 2423 951 2450 same

120 2466 251 2513 word,
274 2479 321 2506 as
344 2465 451 2505 used
472 2466 515 2505 in
549 2467 627 2517 Ep.
653 2467 733 2505 IX.
761 2478 775 2504 1
807 2468 952 2518 (recre-

119 2524 256 2562 andae
276 2524 447 2561 voculae
467 2522 626 2574 causa),
655 2523 733 2561 has
755 2522 810 2561 its
833 2529 952 2562 natu-

119 2579 181 2617 ral
223 2578 479 2617 diminutive
518 2578 650 2623 force,
694 2584 789 2631 ‘my
828 2578 951 2617 weak

120 2634 268 2673 voice.'
289 2658 345 2663 —
372 2634 616 2686 praediola
646 2649 654 2672 ε
720 2633 825 2673 used
882 2634 953 2672 for

120 2689 358 2742 modesty’s
389 2690 506 2736 sake,
533 2690 657 2728 while
690 2691 853 2740 specula
889 2690 949 2743 (5)

119 2745 289 2796 implies
328 2752 403 2784 not
444 2745 538 2784 that
579 2746 651 2784 the
694 2746 808 2797 hope
850 2746 885 2785 is
928 2759 953 2784 a

119 2800 228 2840 faint
270 2814 366 2847 one,
398 2800 476 2840 but
512 2801 606 2840 that
643 2801 715 2840 the
751 2802 951 2852 personal

119 2857 217 2908 gain
240 2863 285 2896 to
309 2856 540 2896 Dolabella
555 2857 590 2896 is
608 2870 633 2896 a
649 2857 773 2896 small
791 2857 947 2896 advan-

121 2920 220 2964 tage
252 2913 294 2951 in
326 2913 600 2964 comparison
624 2913 725 2951 with
758 2913 831 2952 the
861 2914 950 2952 loss

121 2968 257 3007 which
282 2968 354 3007 the
376 2975 488 3007 state
510 2968 679 3008 suffers.
696 2993 751 2996 —
769 2969 951 3008 mariti-

122 3025 241 3063 mis:
276 3038 328 3062 sc.
356 3025 606 3074 praediolis.
668 3024 821 3063 Cicero
863 3037 949 3064 was

121 3087 163 3118 at
197 3080 374 3118 Cumae.
393 3103 446 3108 —
465 3080 691 3119 facillime
715 3094 722 3117 :
755 3080 808 3118 cf.
842 3081 947 3118 Intr.

1039 2073 1165 2126 85.—
1178 2073 1238 2112 ad
1256 2073 1427 2112 otium:
1447 2071 1692 2123 depending
1708 2072 1875 2125 loosely

1041 2142 1158 2181 upon
1190 2129 1437 2181 navigare,
1464 2141 1510 2167 as
1542 2127 1649 2167 does
1681 2129 1741 2167 ad
1772 2129 1873 2168 bel-

1038 2185 1139 2225 lum
1157 2185 1308 2224 below.
1323 2210 1379 2214 -
1395 2185 1475 2236 qui
1497 2184 1776 2236 (convenit):
1799 2184 1872 2223 the

1039 2242 1208 2280 archaic
1242 2241 1461 2289 ablative3
1504 2240 1556 2279 cf.
1592 2241 1696 2278 Intr.
1738 2240 1873 2278 81.—

1039 2304 1206 2337 contra
1230 2309 1340 2337 eum
1362 2312 1370 2336 z
1402 2298 1463 2335 2'.e.
1492 2298 1726 2336 Caesarem.
1744 2298 1871 2335 —ab

1040 2366 1111 2402 eo,
1149 2368 1202 2392 οη
1235 2354 1303 2392 leis
1338 2353 1425 2391 side
1440 2366 1459 2399 ,·
1500 2367 1551 2391 se.
1586 2352 1658 2390 the
1698 2351 1790 2390 side
1826 2352 1872 2390 of

1042 2411 1246 2462 Pompey.

1096 2478 1132 2518 3.
1179 2465 1372 2505 obviam
1413 2463 1621 2503 venisti:
1663 2478 1714 2502 sc.
1747 2463 1870 2502 when

1041 2522 1196 2561 Cicero
1237 2520 1440 2561 returned
1484 2520 1597 2558 from
1640 2519 1871 2558 Cilicia.—

1041 2577 1097 2616 T.
1117 2578 1265 2629 Ampi
1285 2577 1475 2628 (Balbi):
1502 2588 1585 2614 one
1608 2575 1655 2613 of
1677 2575 1869 2614 Cicero’s

1038 2633 1342 2684 predecessors
1371 2645 1418 2672 as
1448 2644 1664 2683 governor
1695 2631 1742 2669 of
1772 2631 1870 2670 Cili-

1039 2689 1105 2728 cia
1138 2689 1208 2741 (cf.
1232 2691 1352 2727 Fam.
1390 2700 1422 2726 1.
1456 2699 1492 2740 3.
1522 2687 1577 2738 2),
1600 2686 1685 2725 and
1716 2686 1870 2737 during

1039 2745 1113 2784 the
1145 2745 1257 2784 Civil
1292 2746 1399 2783 VVar
1428 2756 1483 2782 an
1515 2750 1705 2782 extreme
1748 2743 1866 2780 Pom-

1038 2801 1163 2852 peian
1189 2801 1259 2852 (cf.
1284 2801 1394 2839 Vell.
1421 2801 1585 2838 Patere.
1610 2810 1644 2836 2.
1669 2811 1749 2847 403
1778 2798 1867 2837 Cic.

1038 2859 1160 2895 Fam.
1185 2856 1221 2896 6.
1250 2868 1308 2894 12.
1344 2856 1546 2908 3).—ab
1578 2856 1693 2894 urbe
1725 2853 1868 2893 relin-

1039 2913 1261 2964 quenda:
1311 2912 1381 2950 for
1431 2911 1622 2949 Cicero's
1664 2910 1757 2949 first
1795 2910 1868 2948 im-

1036 2969 1256 3019 pressions
1297 2967 1345 3006 of
1384 2967 1457 3006 the
1488 2966 1669 3005 wisdom
1709 2965 1757 3005 of
1795 2965 1868 3005 the

1040 3024 1300 3075 Pompeians
1331 3023 1373 3061 in
1406 3022 1684 3073 abandoning
1716 3023 1868 3068 Rome,

1036 3079 1090 3118 cf.
1113 3081 1203 3117 Att.
1227 3090 1264 3128 7.
1291 3090 1351 3118 10.
1405 3078 1486 3117 See
1508 3078 1599 3117 also
1622 3078 1705 3129 Ep.
1729 3077 1867 3116 XLV.
