2067 3332
74 107 193 146 Fam.
219 115 281 143 11.
305 102 390 155 28.]
637 99 917 140 CICERO’S
961 99 1252 140 LETTERS.
1742 102 1821 144 271

56 262 267 304 *maren
380 242 494 293 ‘At
548 240 707 293 ludos
763 258 902 308 quos
974 240 1228 292 Caesaris
1282 241 1546 293 victoriae
1621 241 1824 294 Caesar
1856 256 1882 295 6

73 335 401 388 adulescens
435 332 572 385 fecit
613 330 834 384 curavi.’
919 331 1001 382 At
1041 331 1094 382 id
1132 332 1200 382 ad
1242 332 1520 399 privatum
1563 332 1820 395 officium,

73 445 186 479 non
249 426 318 477 ad
380 432 592 476 statum
649 423 728 474 rei
778 440 828 490 p.
863 408 1151 490 'pertinet3
1194 423 1341 490 quod
1383 430 1571 475 tamen
1622 441 1825 475 munus

74 525 130 570 et
190 516 434 568 hominis
509 513 835 566 amicissimi
909 513 1208 565 memoriae
1277 521 1446 582 atque
1520 514 1825 565 honoribus

74 615 357 677 praestare
400 606 568 658 etiarn
619 605 826 656 mortui
869 604 1052 666 debui,
1099 612 1154 656 et
1197 604 1441 672 optimae
1484 605 1602 672 spei
1644 605 1826 656 adule-

75 699 256 752 scenti
285 715 348 750 ac
378 696 710 765 dignissimo
743 696 984 748 Caesare
1015 695 1234 763 petenti
1262 712 1468 764 negare
1498 713 1611 747 non
1653 696 1823 762 potui.

74 790 222 842 Veni
277 789 445 841 etiarn
501 787 746 840 consulis
791 786 1012 838 Antoni
1054 773 1279 838 domurn
1322 803 1488 854 saepe
1551 786 1828 838 salutandi
1859 804 1879 843 7

76 898 267 944 causa;
309 881 377 931 ad
420 896 587 948 quern
632 879 726 947 qui
768 895 857 929 me
899 895 1092 945 parum
1129 877 1343 945 patriae
1384 885 1665 929 amantem
1705 894 1828 928 esse

76 972 399 1024 existimant
438 970 671 1038 rogandi
710 969 933 1038 quidem
965 968 1173 1037 aliquid
1209 977 1305 1020 aut
1342 968 1633 1020 auferendi
1664 985 1831 1020 causa

76 1062 389 1131 frequentis
463 1061 739 1113 ventitare
813 1059 1075 1128 reperies,
1189 1059 1301 1112 Sed
1356 1076 1497 1127 quae
1552 1060 1689 1110 haec
1745 1052 1852 1110 est'

77 1153 418 1221 adrogantia,
466 1153 615 1221 quod
659 1151 867 1204 Caesar
923 1168 1227 1219 numquam
1279 1150 1654 1218 interpellavit
1697 1149 1830 1217 quin

79 1245 281 1314 quibus
335 1243 537 1296 vellem
593 1251 761 1311 atque
812 1242 980 1294 etiam
1036 1259 1175 1310 quos
1226 1242 1346 1309 ipse
1396 1258 1507 1293 non
1562 1241 1831 1308 diligebat

78 1345 269 1388 tamen
323 1335 389 1387 iis
447 1342 648 1396 uterer,
709 1351 804 1386 eos
860 1333 954 1401 qui
1011 1333 1144 1384 mihi
1199 1333 1438 1384 amicum
1508 1332 1830 1398 eripuerunt

81 1427 358 1494 carpendo
420 1442 510 1477 me
553 1425 774 1477 efficere
833 1424 1021 1476 conari
1064 1440 1134 1474 ne
1176 1441 1315 1491 quos
1356 1423 1522 1474 velim
1566 1422 1830 1489 diligam?

84 1518 196 1571 Sed
252 1534 363 1569 non
417 1533 615 1568 vereor
668 1533 739 1567 ne
794 1523 890 1567 aut
933 1532 1091 1566 meae
1131 1515 1277 1565 vitae
1320 1513 1596 1565 modestia
1639 1530 1830 1580 parurn
1864 1526 1888 1566 8

81 1608 318 1660 valitura
348 1607 420 1659 sit
460 1608 515 1659 in
554 1614 842 1675 posterum
887 1614 1082 1658 contra
1118 1605 1291 1656 falsos
1332 1621 1597 1665 rumoreS‚
1631 1612 1725 1655 aut
1764 1620 1834 1654 ne

82 1699 250 1752 etiarn
281 1699 318 1750 ii
347 1699 442 1767 qui
471 1716 561 1750 me
590 1716 705 1749 non
743 1705 932 1749 amant
971 1706 1200 1764 propter
1239 1713 1419 1748 meam
1449 1696 1506 1746 in
1538 1695 1834 1747 Caesarem

83 1790 457 1843 constantiam
502 1807 614 1841 non
658 1789 853 1840 malint
897 1788 1007 1839 mei
1049 1805 1215 1856 quarn
1259 1787 1345 1838 sui
1388 1786 1585 1838 similis
1628 1786 1834 1837 amicos

85 1882 306 1934 habere.
394 1880 539 1932 Mihi
578 1880 801 1948 quidem
833 1879 880 1931 si
915 1887 1110 1946 optata
1148 1878 1495 1945 contingent,
1529 1877 1675 1944 quod
1719 1875 1836 1927 reli-

85 1990 255 2040 quum
296 1980 381 2024 est
411 1972 559 2023 vitae
589 1971 645 2022 in
676 1971 790 2023 otio
823 1970 1010 2022 Rhodi
1039 1971 1237 2037 degam
1265 1987 1276 2032 ;
1331 1969 1415 2019 sin
1447 1985 1609 2020 casus
1639 1967 1836 2034 aliquis

85 2062 466 2130 interpellarit,
496 2062 574 2114 ita
596 2079 689 2114 ero
717 2063 931 2113 Romae
955 2069 1014 2112 ut
1040 2068 1191 2112 recte
1216 2060 1334 2111 fieri
1357 2076 1579 2126 semper
1602 2058 1833 2125 cupiam.

86 2154 352 2205 Trebatio
377 2161 569 2205 nostro
594 2170 825 2220 magnas
849 2169 954 2220 ago
980 2151 1204 2219 gratiaS,
1232 2151 1379 2218 quod
1402 2158 1560 2201 tuum
1591 2165 1722 2215 erga
1751 2165 1838 2198 me

87 2244 334 2296 animum
373 2245 681 2312 simplicem
717 2252 884 2312 atque
914 2243 1153 2295 amicum
1185 2241 1416 2309 aperuit,
1452 2248 1506 2291 et
1536 2241 1683 2307 quod
1713 2256 1838 2290 eum

89 2352 253 2403 quem
304 2353 526 2403 semper
580 2335 823 2387 libenter
871 2334 1039 2385 dilexi
1089 2350 1197 2401 quo
1249 2332 1425 2399 magis
1482 2332 1600 2382 iure
1656 2329 1839 2381 colere

89 2434 257 2495 atque
287 2428 583 2478 observare
613 2427 875 2478 deberem
905 2425 1056 2476 fecit.
1143 2425 1296 2475 Bene
1319 2422 1440 2473 vale
1461 2429 1515 2473 et
1541 2437 1629 2472 me
1652 2420 1835 2487 dilige.

147 2595 185 2635 6.
215 2596 384 2636 ludos:
417 2596 470 2635 cf.
492 2597 541 2635 de
572 2597 788 2635 curatione
808 2596 922 2633 ludo·
1009 2593 1203 2645 pression
1237 2592 1362 2644 quod
1386 2621 1395 2629 .
1421 2620 1430 2629 .
1456 2620 1465 2629 .
1495 2597 1656 2630 uterer
1687 2589 1722 2628 is
1752 2601 1842 2640 par-

92 2665 205 2697 rum,
259 2653 338 2703 Ep.
381 2653 504 2691 XCI.
546 2664 566 2701 7
615 2652 923 2691 n.——Caesar
1010 2649 1258 2693 enthetical‚
1282 2647 1367 2686 and
1395 2653 1483 2685 sets
1517 2645 1714 2684 Caesar's
1746 2657 1843 2683 con-

92 2708 406 2747 adulescens:
438 2722 490 2747 sc.
516 2708 796 2747 Octavianus.
1011 2705 1113 2744 duct
1154 2705 1196 2742 in
1236 2710 1430 2742 contrast
1471 2708 1516 2740 to
1558 2701 1652 2740 that
1693 2700 1739 2739 of
1770 2700 1842 2739 the

149 2775 186 2812 7.
219 2775 341 2814 quae
376 2793 385 2802 .
420 2793 430 2802 .
462 2793 471 2802 .
505 2763 816 2814 adrogantia:
858 2775 924 2801 ex·
1011 2762 1215 2800 libertatis
1235 2765 1435 2797 auctores.
1830 2786 1834 2789 .

92 2818 266 2870 plained
297 2819 352 2871 by
384 2819 438 2857 its
471 2819 728 2870 appositive,
752 2819 825 2857 the
857 2831 924 2857 ex·
1066 2816 1105 2855 8.
1139 2816 1214 2855 sui
1256 2815 1456 2854 similis:
1507 2812 1576 2851 for
1616 2812 1718 2864 they
1757 2811 1843 2850 had

93 2875 331 2927 clamatory
372 2875 489 2912 infin.
531 2875 688 2919 clause,
733 2886 817 2913 eos
842 2903 851 2912 .
878 2902 888 2912 .
914 2902 923 2912 .
1011 2871 1143 2910 killed
1166 2871 1276 2909 their
1296 2869 1435 2908 friend
1462 2869 1841 2908 Caesam—bene

94 2930 507 2981 conari.—-quod.
529 2959 539 2968 .
557 2959 566 2968 .
584 2930 924 2981 interpellavit:
1011 2928 1117 2967 vale
1141 2942 1148 2965 :
1181 2927 1235 2965 cf.
1269 2927 1375 2964 Intr.
1412 2925 1478 2964 62.
1539 2925 1654 2963 Bene
1684 2925 1778 2962 vale
1807 2923 1843 2962 is

94 2999 119 3024 a
169 2986 346 3025 relative
397 2987 541 3025 clause
592 2985 820 3036 explained
870 2984 926 3037 by
1012 2990 1088 3022 not
1109 2982 1213 3022 used
1231 2982 1285 3034 by
1302 2982 1470 3020 Cicero.
1533 2980 1614 3025 Cf„
1631 2979 1842 3024 however,

94 3042 208 3093 quin
233 3071 241 3080 .
268 3071 277 3080 .
304 3072 312 3080 .
337 3049 510 3081 uterer.
573 3041 668 3080 The
698 3042 833 3080 entire
860 3054 926 3079 ex·
1016 3037 1360 3085 Plaut.As.606;
1394 3036 1563 3082 Curius,
1583 3037 1702 3074 Fam.
1723 3047 1758 3084 7.
1780 3047 1842 3086 29.
