2067 3332
94 121 212 159 Fam.
245 129 305 156 11.
330 115 415 169 28.]
658 113 941 153 CICERO’S
984 114 1276 154 LETTERS.

1767 114 1849 157 269

95 259 175 310 rei
220 276 269 325 p.
315 256 494 308 fuisse
549 255 761 307 utilem.
867 254 980 306 Sed
1024 271 1136 305 non
1180 271 1343 322 agam
1396 262 1626 307 astute:
1669 255 1851 307 fateor

95 365 183 401 me
212 349 280 400 ad
309 348 477 398 istum
516 346 750 413 gradum
782 345 1091 412 sapientiae
1127 362 1238 396 non
1275 345 1625 412 pervenisse;
1668 363 1850 414 neque

96 439 245 491 enim
316 438 613 490 Caesarem
678 436 733 487 in
792 435 1144 487 dissensione
1207 435 1354 487 civili
1417 453 1540 487 sum
1602 444 1846 498 secutUS,

97 531 195 582 sed
235 528 491 581 amicum.
579 526 933 595 Quamquam
990 543 1048 577 re
1103 527 1447 588 offendebar,
1493 535 1681 578 tamen
1736 544 1849 578 non

96 620 333 682 deserui,
367 636 549 687 neque
589 618 798 670 bellum
829 634 1072 685 unquam
1109 617 1268 668 civile
1306 625 1400 668 aut
1431 617 1599 669 etiam
1630 635 1850 669 causam

97 710 466 764 dissensionis
496 709 739 777 probavi,
774 725 939 776 quam
983 707 1151 758 etiam
1194 715 1522 759 nascentem
1566 708 1851 776 exstingui

99 819 311 854 summe
355 801 558 853 studui.
646 800 845 867 Itaque
893 798 949 849 in
998 798 1231 850 victoria
1278 799 1518 850 hominis
1569 799 1852 850 necessari

100 910 282 961 neque
325 891 552 943 honoris
594 907 779 959 neque
821 889 1094 959 pecuniae
1136 889 1431 941 dulcedine
1474 907 1594 941 sum
1638 898 1849 957 captus,

99 984 302 1053 quibus
352 982 613 1051 praemiis
663 981 878 1049 reliqui,
930 980 1115 1032 minus
1167 981 1312 1047 apud
1362 998 1487 1031 eum
1536 997 1699 1048 quam
1750 997 1852 1048 ego

100 1093 225 1127 cum
275 1082 525 1142 possent,
577 1073 943 1124 immoderate
994 1079 1126 1123 sunt
1176 1071 1350 1123 abusi.
1436 1071 1629 1139 Atque
1685 1071 1852 1122 etiam

99 1183 187 1218 res
237 1165 523 1217 familiaris
573 1181 696 1215 mea
743 1163 868 1231 lege
919 1163 1172 1214 Caesaris
1221 1162 1509 1214 deminuta
1550 1169 1652 1224 est,
1699 1163 1853 1214 cuius

100 1256 374 1309 beneficio
404 1255 655 1323 plerique
691 1254 785 1322 qui
823 1254 1078 1306 Caesaris
1108 1261 1290 1305 morte
1327 1253 1607 1305 laetantur
1643 1270 1855 1304 reman-

101 1355 295 1400 serunt
336 1347 392 1398 in
428 1346 670 1399 civitate.
758 1345 986 1397 Civibus
1022 1345 1180 1396 victis
1220 1352 1281 1395 ut
1322 1352 1642 1411 parceretur
1678 1361 1854 1411 aeque

102 1456 165 1490 ac
203 1455 302 1506 pro
344 1454 467 1489 mea
502 1437 681 1488 salute
723 1435 980 1487 laboravi.
1069 1436 1299 1486 Possum
1328 1435 1512 1502 igitur,
1546 1435 1640 1502 qui
1673 1435 1855 1486 omnis

53 1531 56 1533 ’
101 1529 371 1581 voluerim
438 1527 749 1589 incolumiS,
808 1543 935 1577 eum
991 1544 1022 1577 a
1076 1543 1185 1593 quo
1240 1526 1293 1576 id
1349 1526 1706 1592 impetratum
1769 1533 1854 1576 est

103 1620 316 1688 perisse
359 1637 471 1671 non
515 1618 827 1690 indignari,‘
861 1635 987 1669 cum
1044 1616 1370 1684 praesertim
1413 1617 1558 1667 idem
1602 1617 1855 1667 homines

103 1711 184 1762 illi
238 1719 294 1762 et
350 1709 590 1761 invidiae
645 1717 700 1760 et
757 1708 925 1759 exitio
991 1707 1242 1758 fuerint?

104 1801 383 1870 inquiunt,
424 1799 720 1868 ‘quoniam
762 1799 975 1851 sactum
1013 1806 1268 1849 nostrum
1305 1797 1616 1864 improbare
1647 1795 1852 1848 audes.'

1329 1717 1340 1738 ‘
1366 1707 1628 1758 Plecteris
1685 1705 1851 1773 erg0,'

107 1892 158 1945 O
204 1891 523 1960 superbiam
564 1890 886 1966 inauditam,
913 1890 1055 1941 ‘alios
1086 1890 1142 1940 in
1171 1889 1421 1941 facinore
1464 1888 1701 1956 gloriari,
1735 1887 1855 1939 aliis

106 2000 177 2035 ne
231 1983 420 2035 dolere
469 1982 692 2050 quidem
749 1981 1006 2049 inpunite
1060 1980 1252 2032 licere!
1362 1979 1443 2030 At
1499 1979 1635 2030 haec
1691 1979 1855 2030 etiam

103 2125 157 2150 sc.
197 2111 369 2150 dicendo
384 2123 401 2157 ,·
443 2109 496 2150 cf.
538 2121 576 2158 4,
619 2108 770 2149 below.
852 2108 939 2147 For

106 2167 180 2206 the
202 2179 320 2206 same
343 2179 417 2206 use
440 2165 488 2204 of
515 2167 694 2212 vincere,
716 2164 771 2204 cf.
798 2164 938 2203 Plaut.

106 2224 232 2262 Μωΐ.
251 2233 302 2275 95
316 2223 503 2275 profecto
522 2235 605 2261 esse
627 2251 635 2259 .
663 2250 671 2259 .
698 2251 706 2259 .
727 2234 828 2260 vera
846 2222 940 2258 vin-

105 2292 195 2317 cam
212 2291 230 2325 ,·
283 2279 392 2317 Hor.
425 2279 513 2317 Sat.
548 2289 582 2317 2.
617 2289 653 2329 3.
688 2287 765 2330 225
805 2277 945 2316 vincet

106 2336 217 2373 enim
242 2336 391 2372 stultos
413 2335 522 2372 ratio
544 2334 741 2372 insanire
763 2338 935 2382 nepotes.

106 2391 467 2429 —Caesarern:
508 2404 561 2428 sc.
595 2390 668 2428 the
700 2395 941 2428 statesman

108 2459 157 2484 or
187 2447 674 2497 general—summe:
715 2458 764 2484 as
796 2457 849 2483 an
882 2444 941 2482 in-

108 2502 274 2541 tensive
305 2501 468 2540 adverb
496 2515 659 2540 summe
679 2501 714 2540 is
735 2499 875 2539 found
896 2500 940 2538 in

110 2557 301 2597 Cicero’s
332 2558 483 2597 earlier
504 2557 695 2608 writings
725 2557 812 2607 (eg.
836 2557 939 2594 Div.

109 2615 155 2652 in
179 2615 327 2653 Caecil.
350 2614 431 2666 57),
451 2613 493 2652 in
516 2613 589 2652 the
606 2614 654 2651 de
669 2614 777 2657 Fin„
794 2611 880 2650 and
898 2611 941 2650 in

109 2669 176 2708 his
207 2669 583 2721 correspondence
627 2668 715 2719 (eg.
750 2669 870 2706 Fam.
903 2679 940 2715 4.

113 2736 149 2775 7.
175 2724 361 2776 2).—in
391 2725 619 2764 victoria:
656 2726 703 2761 in
734 2724 836 2762 with
869 2723 942 2761 the

109 2781 192 2820 abl.
216 2781 251 2820 is
275 2781 382 2821 used
411 2780 688 2832 colloquially
708 2779 777 2817 for
798 2792 823 2817 a
844 2791 943 2817 con-

110 2836 292 2876 ditional
315 2850 365 2876 or
385 2836 598 2887 temporal
616 2836 774 2874 clause.
824 2835 941 2873 Here

111 2893 159 2931 in
180 2893 396 2939 victoria,
427 2899 521 2937 etc.‚
545 2891 579 2930 is
616 2891 863 2942 equivalent
896 2897 941 2928 to

111 2962 203 2987 cum
239 2949 402 2986 vicisset
439 2949 560 2986 leomo
601 2948 871 2984 necessarius.
891 2969 944 2973 —

111 3004 218 3056 lege
255 3003 508 3043 Caesaris:
542 3002 613 3040 the
645 3003 715 3040 lex
746 3002 865 3040 Iulia
897 3001 945 3039 de

112 3061 231 3099 modo
269 3059 467 3099 credendi
495 3064 536 3097 et
555 3058 805 3108 possidendi
828 3058 944 3095 intra

1025 2108 1218 2153 Italiam,
1253 2105 1441 2156 limiting
1490 2105 1562 2143 the
1613 2111 1761 2144 extent
1810 2111 1856 2143 to

1025 2163 1165 2203 which
1206 2161 1312 2201 land
1343 2161 1470 2201 could
1502 2161 1555 2200 be
1588 2161 1855 2212 mortgaged‚

1026 2226 1107 2258 etc.
1141 2218 1208 2257 Cf.
1234 2219 1525 2268 Lange‚Rc>'m.
1544 2218 1726 2255 Altertlz.
1752 2215 1855 2255 1112.

1025 2279 1542 2327 435.-remanserunt
1566 2287 1574 2310 ε
1599 2273 1710 2311 their
1731 2272 1857 2311 debts

1027 2330 1172 2370 would
1202 2329 1430 2368 otherwise
1471 2329 1580 2367 have
1619 2328 1858 2379 prevented

1027 2387 1146 2425 them
1176 2386 1289 2424 from
1322 2384 1455 2435 doing
1485 2384 1583 2422 this.

1084 2454 1121 2494 3.
1155 2442 1283 2480 idem
1314 2441 1567 2480 homines:
1607 2441 1665 2478 M.
1700 2439 1858 2479 Brutus

1028 2498 1115 2537 and
1146 2498 1195 2536 C.
1229 2497 1409 2536 Cassius
1440 2509 1547 2534 were
1588 2508 1750 2546 among
1784 2495 1857 2534 the

1026 2555 1189 2593 former
1221 2553 1495 2604 Pompeians,
1520 2552 1664 2590 whose
1690 2550 1858 2602 pardon

1028 2609 1113 2649 and
1145 2609 1460 2648 advancement
1490 2607 1546 2660 by
1578 2607 1742 2646 Caesar
1772 2607 1858 2645 had

1028 2665 1241 2717 probably
1271 2663 1441 2703 excited
1471 2663 1545 2701 the
1576 2676 1686 2714 envy
1719 2663 1859 2713 (invi-

1029 2722 1154 2772 diae)
1181 2721 1228 2760 of
1258 2720 1385 2759 those
1407 2719 1505 2758 who
1536 2717 1622 2757 had
1652 2718 1858 2757 followed

1032 2779 1193 2816 Caesar
1213 2776 1483 2827 throughout
1506 2774 1579 2813 the
1603 2773 1714 2812 Civil
1739 2775 1858 2820 VVar,

1029 2833 1114 2872 and
1137 2833 1258 2872 these
1277 2838 1362 2870 two
1380 2844 1478 2870 men
1501 2829 1648 2881 joined
1671 2830 1744 2868 the
1761 2842 1860 2868 con-

1029 2889 1195 2940 spiracy
1217 2895 1261 2926 to
1284 2887 1358 2925 kill
1383 2887 1470 2925 him
1487 2886 1684 2937 (exitio).
1703 2885 1858 2924 -i11i:

1029 2947 1091 2982 ἵζε.
1133 2944 1315 2983 Caesari.
1338 2967 1394 2971 —
1415 2942 1649 2993 impunite
1671 2956 1679 2980 :
1720 2940 1859 2979 found

1031 3001 1131 3052 only
1153 3011 1259 3037 once
1286 2998 1516 3037 elsewhere
1541 2997 1648 3049 (Cic.
1671 2998 1721 3035 de
1741 2997 1859 3035 Fini-

1032 3056 1117 3101 bus,
1153 3067 1187 3092 2.
1226 3053 1292 3106 59)
1332 3054 1374 3092 in
1415 3053 1609 3093 classical
1649 3065 1860 3104 prose.—
