<?xml version="1.0" encoding="UTF-8"?>
<!DOCTYPE html PUBLIC "-//W3C//DTD XHTML 1.0 Transitional//EN"
    "http://www.w3.org/TR/xhtml1/DTD/xhtml1-transitional.dtd">
<html xmlns="http://www.w3.org/1999/xhtml" xml:lang="en" lang="en">
 <head>
  <title>
</title>
<meta http-equiv="Content-Type" content="text/html;charset=utf-8" />
  <meta name='ocr-system' content='tesseract 3.04.00' />
  <meta name='ocr-capabilities' content='ocr_page ocr_carea ocr_par ocr_line ocrx_word'/>
</head>
<body>
  <div class='ocr_page' id='page_1' title='image "./selectedletterso1898cice_0356.png"; bbox 0 0 2067 3332; ppageno 0'>
   <div class='ocr_carea' id='block_1_1' title="bbox 221 156 1960 215">
    <p class='ocr_par' dir='ltr' id='par_1_1' title="bbox 221 156 1960 215">
     <span class='ocr_line' id='line_1_1' title="bbox 221 156 1960 215; baseline -0.004 -14"><span class='ocrx_word' id='word_1_1' title='bbox 221 160 302 215; x_wconf 83' lang='lat'>274</span> <span class='ocrx_word' id='word_1_2' title='bbox 793 157 1073 198; x_wconf 91' lang='lat' dir='ltr'>CICERO&#39;S</span> <span class='ocrx_word' id='word_1_3' title='bbox 1117 157 1405 196; x_wconf 88' lang='lat' dir='ltr'>LETTERS.</span> <span class='ocrx_word' id='word_1_4' title='bbox 1673 156 1773 208; x_wconf 90' lang='lat' dir='ltr'><strong>[Ep.</strong></span> <span class='ocrx_word' id='word_1_5' title='bbox 1798 156 1960 195; x_wconf 92' lang='lat' dir='ltr'>XCIV.</span> 
     </span>
    </p>
   </div>
   <div class='ocr_carea' id='block_1_2' title="bbox 222 295 1965 1814">
    <p class='ocr_par' dir='ltr' id='par_1_2' title="bbox 222 295 1965 1814">
     <span class='ocr_line' id='line_1_2' title="bbox 222 295 1962 363; baseline -0.003 -11"><span class='ocrx_word' id='word_1_6' title='bbox 222 301 272 352; x_wconf 93' lang='lat' dir='ltr'>ei</span> <span class='ocrx_word' id='word_1_7' title='bbox 306 318 422 352; x_wconf 90' lang='lat' dir='ltr'>rem</span> <span class='ocrx_word' id='word_1_8' title='bbox 465 300 939 350; x_wconf 77' lang='lat' dir='ltr'>demonstrassem</span> <span class='ocrx_word' id='word_1_9' title='bbox 983 305 1037 347; x_wconf 91' lang='lat' dir='ltr'>et</span> <span class='ocrx_word' id='word_1_10' title='bbox 1080 297 1252 347; x_wconf 88' lang='lat' dir='ltr'>vitam</span> <span class='ocrx_word' id='word_1_11' title='bbox 1297 304 1448 347; x_wconf 89' lang='lat' dir='ltr'>tuam</span> <span class='ocrx_word' id='word_1_12' title='bbox 1492 295 1835 363; x_wconf 89' lang='lat' dir='ltr'>superiorem</span> <span class='ocrx_word' id='word_1_13' title='bbox 1878 313 1962 346; x_wconf 91' lang='lat' dir='ltr'>ex-</span> 
     </span>
     <span class='ocr_line' id='line_1_3' title="bbox 222 385 1963 458; baseline -0.003 -16"><span class='ocrx_word' id='word_1_14' title='bbox 222 391 550 458; x_wconf 77' lang='lat' dir='ltr'>posuissem,</span> <span class='ocrx_word' id='word_1_15' title='bbox 583 406 848 456; x_wconf 87' lang='lat' dir='ltr'>magnum</span> <span class='ocrx_word' id='word_1_16' title='bbox 890 387 1198 454; x_wconf 89' lang='lat' dir='ltr'>periculum</span> <span class='ocrx_word' id='word_1_17' title='bbox 1242 403 1492 438; x_wconf 91' lang='lat' dir='ltr'>summae</span> <span class='ocrx_word' id='word_1_18' title='bbox 1534 385 1613 437; x_wconf 91' lang='lat' dir='ltr'>rei</span> <span class='ocrx_word' id='word_1_19' title='bbox 1647 404 1697 453; x_wconf 92' lang='lat' dir='ltr'>p.</span> <span class='ocrx_word' id='word_1_20' title='bbox 1742 387 1963 437; x_wconf 89' lang='lat' dir='ltr'>demon-</span> 
     </span>
     <span class='ocr_line' id='line_1_4' title="bbox 223 477 1960 546; baseline -0.003 -13"><span class='ocrx_word' id='word_1_21' title='bbox 223 482 450 542; x_wconf 89' lang='lat' dir='ltr'>strabat,</span> <span class='ocrx_word' id='word_1_22' title='bbox 496 480 605 531; x_wconf 93' lang='lat' dir='ltr'>nisi</span> <span class='ocrx_word' id='word_1_23' title='bbox 657 481 725 530; x_wconf 86' lang='lat' dir='ltr'>ad</span> <span class='ocrx_word' id='word_1_24' title='bbox 769 479 1111 546; x_wconf 85' lang='lat' dir='ltr'>superiorem</span> <span class='ocrx_word' id='word_1_25' title='bbox 1155 477 1620 529; x_wconf 88' lang='lat' dir='ltr'>consuetudinem</span> <span class='ocrx_word' id='word_1_26' title='bbox 1664 484 1781 527; x_wconf 92' lang='lat' dir='ltr'>tum</span> <span class='ocrx_word' id='word_1_27' title='bbox 1838 494 1960 528; x_wconf 90' lang='lat' dir='ltr'>curn</span> 
     </span>
     <span class='ocr_line' id='line_1_5' title="bbox 224 567 1960 634; baseline -0.003 -11"><span class='ocrx_word' id='word_1_28' title='bbox 224 572 503 623; x_wconf 87' lang='lat' dir='ltr'>Favonius</span> <span class='ocrx_word' id='word_1_29' title='bbox 546 571 704 621; x_wconf 89' lang='lat' dir='ltr'>flaret</span> <span class='ocrx_word' id='word_1_30' title='bbox 747 569 1100 631; x_wconf 86' lang='lat' dir='ltr'>revertisses;</span> <span class='ocrx_word' id='word_1_31' title='bbox 1155 569 1259 619; x_wconf 93' lang='lat' dir='ltr'>hoc</span> <span class='ocrx_word' id='word_1_32' title='bbox 1302 576 1554 634; x_wconf 90' lang='lat' dir='ltr'>tempore</span> <span class='ocrx_word' id='word_1_33' title='bbox 1607 567 1740 618; x_wconf 85' lang='lat' dir='ltr'>ferri</span> <span class='ocrx_word' id='word_1_34' title='bbox 1781 584 1960 634; x_wconf 92' lang='lat' dir='ltr'>posse,</span> 
     </span>
     <span class='ocr_line' id='line_1_6' title="bbox 223 657 1962 727; baseline -0.003 -14"><span class='ocrx_word' id='word_1_35' title='bbox 223 663 269 714; x_wconf 91' lang='lat' dir='ltr'>si</span> <span class='ocrx_word' id='word_1_36' title='bbox 309 663 456 713; x_wconf 77' lang='lat' dir='ltr'>forte</span> <span class='ocrx_word' id='word_1_37' title='bbox 497 669 560 712; x_wconf 94' lang='lat' dir='ltr'>tu</span> <span class='ocrx_word' id='word_1_38' title='bbox 601 660 781 727; x_wconf 82' lang='lat' dir='ltr'>frigus</span> <span class='ocrx_word' id='word_1_39' title='bbox 824 660 971 710; x_wconf 80' lang='lat' dir='ltr'>ferre</span> <span class='ocrx_word' id='word_1_40' title='bbox 1014 676 1125 709; x_wconf 92' lang='lat' dir='ltr'>non</span> <span class='ocrx_word' id='word_1_41' title='bbox 1167 675 1379 725; x_wconf 76' lang='lat' dir='ltr'>posses</span> <span class='ocrx_word' id='word_1_42' title='bbox 1467 658 1580 709; x_wconf 86' lang='lat' dir='ltr'>Sed</span> <span class='ocrx_word' id='word_1_43' title='bbox 1628 657 1962 719; x_wconf 85' lang='lat' dir='ltr'>mehercule,</span> 
     </span>
     <span class='ocr_line' id='line_1_7' title="bbox 222 748 1965 816; baseline -0.004 -12"><span class='ocrx_word' id='word_1_44' title='bbox 222 753 298 803; x_wconf 93' lang='lat' dir='ltr'>mi</span> <span class='ocrx_word' id='word_1_45' title='bbox 354 754 537 813; x_wconf 90' lang='lat' dir='ltr'>Paete,</span> <span class='ocrx_word' id='word_1_46' title='bbox 583 759 739 802; x_wconf 87' lang='lat' dir='ltr'>extra</span> <span class='ocrx_word' id='word_1_47' title='bbox 792 750 973 801; x_wconf 90' lang='lat' dir='ltr'>iocum</span> <span class='ocrx_word' id='word_1_48' title='bbox 1017 765 1216 800; x_wconf 91' lang='lat' dir='ltr'>moneo</span> <span class='ocrx_word' id='word_1_49' title='bbox 1271 756 1343 810; x_wconf 90' lang='lat' dir='ltr'>te,</span> <span class='ocrx_word' id='word_1_50' title='bbox 1390 749 1535 816; x_wconf 89' lang='lat' dir='ltr'>quod</span> <span class='ocrx_word' id='word_1_51' title='bbox 1578 748 1856 815; x_wconf 90' lang='lat' dir='ltr'>pertinere</span> <span class='ocrx_word' id='word_1_52' title='bbox 1897 748 1965 798; x_wconf 88' lang='lat' dir='ltr'>ad</span> 
     </span>
     <span class='ocr_line' id='line_1_8' title="bbox 222 838 1965 901; baseline -0.003 -7"><span class='ocrx_word' id='word_1_53' title='bbox 222 844 384 894; x_wconf 87' lang='lat' dir='ltr'>beate</span> <span class='ocrx_word' id='word_1_54' title='bbox 422 843 720 893; x_wconf 84' lang='lat' dir='ltr'>vivendum</span> <span class='ocrx_word' id='word_1_55' title='bbox 765 840 1020 901; x_wconf 80' lang='lat' dir='ltr'>arbitror,</span> <span class='ocrx_word' id='word_1_56' title='bbox 1059 848 1120 891; x_wconf 90' lang='lat' dir='ltr'>ut</span> <span class='ocrx_word' id='word_1_57' title='bbox 1164 857 1288 891; x_wconf 92' lang='lat' dir='ltr'>cum</span> <span class='ocrx_word' id='word_1_58' title='bbox 1333 839 1466 890; x_wconf 87' lang='lat' dir='ltr'>viris</span> <span class='ocrx_word' id='word_1_59' title='bbox 1506 839 1667 890; x_wconf 91' lang='lat' dir='ltr'>bonis</span> <span class='ocrx_word' id='word_1_60' title='bbox 1711 838 1965 889; x_wconf 90' lang='lat' dir='ltr'>iucundis</span> 
     </span>
     <span class='ocr_line' id='line_1_9' title="bbox 222 928 1964 996; baseline -0.004 -11"><span class='ocrx_word' id='word_1_61' title='bbox 222 933 538 985; x_wconf 89' lang='lat' dir='ltr'>amantibus</span> <span class='ocrx_word' id='word_1_62' title='bbox 581 932 664 983; x_wconf 89' lang='lat' dir='ltr'>tui</span> <span class='ocrx_word' id='word_1_63' title='bbox 706 932 875 982; x_wconf 82' lang='lat' dir='ltr'>vivas,</span> <span class='ocrx_word' id='word_1_64' title='bbox 963 930 1118 981; x_wconf 90' lang='lat' dir='ltr'>Nihil</span> <span class='ocrx_word' id='word_1_65' title='bbox 1161 938 1246 981; x_wconf 91' lang='lat' dir='ltr'>est</span> <span class='ocrx_word' id='word_1_66' title='bbox 1291 929 1475 996; x_wconf 90' lang='lat' dir='ltr'>aptius</span> <span class='ocrx_word' id='word_1_67' title='bbox 1512 929 1675 990; x_wconf 89' lang='lat' dir='ltr'>vitae,</span> <span class='ocrx_word' id='word_1_68' title='bbox 1718 928 1856 978; x_wconf 88' lang='lat' dir='ltr'>nihil</span> <span class='ocrx_word' id='word_1_69' title='bbox 1897 929 1964 979; x_wconf 91' lang='lat' dir='ltr'>ad</span> 
     </span>
     <span class='ocr_line' id='line_1_10' title="bbox 223 1019 1963 1086; baseline -0.003 -11"><span class='ocrx_word' id='word_1_70' title='bbox 223 1025 385 1075; x_wconf 90' lang='lat' dir='ltr'>beate</span> <span class='ocrx_word' id='word_1_71' title='bbox 414 1023 713 1074; x_wconf 89' lang='lat' dir='ltr'>vivendum</span> <span class='ocrx_word' id='word_1_72' title='bbox 743 1020 1230 1073; x_wconf 77' lang='lat' dir='ltr'>accommodatius,</span> <span class='ocrx_word' id='word_1_73' title='bbox 1291 1021 1412 1071; x_wconf 92' lang='lat' dir='ltr'>Nec</span> <span class='ocrx_word' id='word_1_74' title='bbox 1441 1020 1494 1070; x_wconf 94' lang='lat' dir='ltr'>id</span> <span class='ocrx_word' id='word_1_75' title='bbox 1524 1020 1592 1070; x_wconf 91' lang='lat' dir='ltr'>ad</span> <span class='ocrx_word' id='word_1_76' title='bbox 1620 1019 1963 1086; x_wconf 83' lang='lat' dir='ltr'>voluptatem</span> 
     </span>
     <span class='ocr_line' id='line_1_11' title="bbox 224 1110 1965 1178; baseline -0.003 -13"><span class='ocrx_word' id='word_1_77' title='bbox 224 1115 420 1175; x_wconf 67' lang='lat' dir='ltr'>retem,</span> <span class='ocrx_word' id='word_1_78' title='bbox 455 1114 552 1164; x_wconf 91' lang='lat' dir='ltr'>sed</span> <span class='ocrx_word' id='word_1_79' title='bbox 581 1114 649 1164; x_wconf 92' lang='lat' dir='ltr'>ad</span> <span class='ocrx_word' id='word_1_80' title='bbox 680 1112 1140 1164; x_wconf 83' lang='lat' dir='ltr'>communitatem</span> <span class='ocrx_word' id='word_1_81' title='bbox 1171 1111 1320 1162; x_wconf 89' lang='lat' dir='ltr'>vitae</span> <span class='ocrx_word' id='word_1_82' title='bbox 1355 1118 1521 1178; x_wconf 85' lang='lat' dir='ltr'>atque</span> <span class='ocrx_word' id='word_1_83' title='bbox 1559 1110 1741 1162; x_wconf 87' lang='lat' dir='ltr'>victus</span> <span class='ocrx_word' id='word_1_84' title='bbox 1779 1110 1965 1160; x_wconf 91' lang='lat' dir='ltr'>remis-</span> 
     </span>
     <span class='ocr_line' id='line_1_12' title="bbox 225 1200 1965 1272; baseline -0.003 -16"><span class='ocrx_word' id='word_1_85' title='bbox 225 1205 550 1272; x_wconf 90' lang='lat' dir='ltr'>sionemque</span> <span class='ocrx_word' id='word_1_86' title='bbox 593 1204 904 1254; x_wconf 89' lang='lat' dir='ltr'>animorum</span> <span class='ocrx_word' id='word_1_87' title='bbox 961 1219 1102 1270; x_wconf 90' lang='lat' dir='ltr'>quae</span> <span class='ocrx_word' id='word_1_88' title='bbox 1145 1202 1382 1253; x_wconf 85' lang='lat' dir='ltr'>maxime</span> <span class='ocrx_word' id='word_1_89' title='bbox 1432 1217 1689 1252; x_wconf 88' lang='lat' dir='ltr'>sermone</span> <span class='ocrx_word' id='word_1_90' title='bbox 1731 1200 1965 1252; x_wconf 89' lang='lat' dir='ltr'>efficitur</span> 
     </span>
     <span class='ocr_line' id='line_1_13' title="bbox 223 1291 1964 1362; baseline -0.003 -15"><span class='ocrx_word' id='word_1_91' title='bbox 223 1296 495 1356; x_wconf 81' lang='lat' dir='ltr'>familiari,</span> <span class='ocrx_word' id='word_1_92' title='bbox 529 1295 622 1362; x_wconf 91' lang='lat' dir='ltr'>qui</span> <span class='ocrx_word' id='word_1_93' title='bbox 652 1302 736 1345; x_wconf 91' lang='lat' dir='ltr'>est</span> <span class='ocrx_word' id='word_1_94' title='bbox 768 1294 823 1344; x_wconf 92' lang='lat' dir='ltr'>in</span> <span class='ocrx_word' id='word_1_95' title='bbox 863 1293 1130 1345; x_wconf 87' lang='lat' dir='ltr'>conviviis</span> <span class='ocrx_word' id='word_1_96' title='bbox 1163 1292 1534 1354; x_wconf 87' lang='lat' dir='ltr'>dulcissimus,</span> <span class='ocrx_word' id='word_1_97' title='bbox 1567 1299 1628 1343; x_wconf 92' lang='lat' dir='ltr'>ut</span> <span class='ocrx_word' id='word_1_98' title='bbox 1659 1291 1964 1358; x_wconf 90' lang='lat' dir='ltr'>sapientius</span> 
     </span>
     <span class='ocr_line' id='line_1_14' title="bbox 225 1379 1964 1453; baseline -0.003 -16"><span class='ocrx_word' id='word_1_99' title='bbox 225 1386 403 1437; x_wconf 85' lang='lat' dir='ltr'>nostri</span> <span class='ocrx_word' id='word_1_100' title='bbox 432 1403 595 1453; x_wconf 86' lang='lat' dir='ltr'>quam</span> <span class='ocrx_word' id='word_1_101' title='bbox 629 1384 854 1436; x_wconf 89' lang='lat' dir='ltr'>Graeci:</span> <span class='ocrx_word' id='word_1_102' title='bbox 889 1384 968 1435; x_wconf 89' lang='lat' dir='ltr'>illi</span> <span class='ocrx_word' id='word_1_103' title='bbox 1004 1381 1292 1447; x_wconf 83' lang='grc' dir='ltr'>συμπόσια</span> <span class='ocrx_word' id='word_1_104' title='bbox 1328 1391 1421 1434; x_wconf 88' lang='lat' dir='ltr'>aut</span> <span class='ocrx_word' id='word_1_105' title='bbox 1453 1379 1762 1443; x_wconf 79' lang='grc' dir='ltr'>σύνδειπνα,</span> <span class='ocrx_word' id='word_1_106' title='bbox 1797 1381 1850 1432; x_wconf 92' lang='lat' dir='ltr'>id</span> <span class='ocrx_word' id='word_1_107' title='bbox 1880 1388 1964 1432; x_wconf 92' lang='lat' dir='ltr'>est</span> 
     </span>
     <span class='ocr_line' id='line_1_15' title="bbox 226 1471 1965 1543; baseline -0.003 -15"><span class='ocrx_word' id='word_1_108' title='bbox 226 1476 670 1543; x_wconf 88' lang='lat' dir='ltr'>compotationes</span> <span class='ocrx_word' id='word_1_109' title='bbox 709 1483 804 1526; x_wconf 93' lang='lat' dir='ltr'>aut</span> <span class='ocrx_word' id='word_1_110' title='bbox 846 1474 1294 1535; x_wconf 81' lang='lat' dir='ltr'>concenationeS,</span> <span class='ocrx_word' id='word_1_111' title='bbox 1329 1490 1431 1524; x_wconf 91' lang='lat' dir='ltr'>nos</span> <span class='ocrx_word' id='word_1_112' title='bbox 1467 1483 1479 1504; x_wconf 87' lang='lat'><em>‘</em></span> <span class='ocrx_word' id='word_1_113' title='bbox 1502 1471 1787 1533; x_wconf 86' lang='lat' dir='ltr'>convivia‚&#39;</span> <span class='ocrx_word' id='word_1_114' title='bbox 1820 1472 1965 1539; x_wconf 88' lang='lat' dir='ltr'>quod</span> 
     </span>
     <span class='ocr_line' id='line_1_16' title="bbox 1150 1563 1964 1630; baseline -0.002 -15"><span class='ocrx_word' id='word_1_115' title='bbox 1150 1565 1324 1615; x_wconf 89' lang='lat' dir='ltr'>Vides</span> <span class='ocrx_word' id='word_1_116' title='bbox 1354 1572 1415 1615; x_wconf 94' lang='lat' dir='ltr'>ut</span> <span class='ocrx_word' id='word_1_117' title='bbox 1445 1571 1502 1614; x_wconf 91' lang='lat' dir='ltr'>te</span> <span class='ocrx_word' id='word_1_118' title='bbox 1525 1563 1964 1630; x_wconf 88' lang='lat' dir='ltr'>philosophando</span> 
     </span>
     <span class='ocr_line' id='line_1_17' title="bbox 226 1653 1965 1709; baseline -0.002 -1"><span class='ocrx_word' id='word_1_119' title='bbox 226 1674 483 1709; x_wconf 88' lang='lat' dir='ltr'>revocare</span> <span class='ocrx_word' id='word_1_120' title='bbox 537 1674 706 1708; x_wconf 91' lang='lat' dir='ltr'>coner</span> <span class='ocrx_word' id='word_1_121' title='bbox 758 1657 826 1707; x_wconf 93' lang='lat' dir='ltr'>ad</span> <span class='ocrx_word' id='word_1_122' title='bbox 880 1673 1062 1707; x_wconf 86' lang='lat' dir='ltr'>cenaS.</span> <span class='ocrx_word' id='word_1_123' title='bbox 1726 1654 1789 1704; x_wconf 94' lang='lat' dir='ltr'>Id</span> <span class='ocrx_word' id='word_1_124' title='bbox 1830 1653 1965 1704; x_wconf 80' lang='lat' dir='ltr'>foris</span> 
     </span>
     <span class='ocr_line' id='line_1_18' title="bbox 227 1744 1961 1814; baseline -0.003 -15"><span class='ocrx_word' id='word_1_125' title='bbox 227 1748 522 1800; x_wconf 91' lang='lat' dir='ltr'>cenitando</span> <span class='ocrx_word' id='word_1_126' title='bbox 560 1747 823 1799; x_wconf 82' lang='lat' dir='ltr'>facillime</span> <span class='ocrx_word' id='word_1_127' title='bbox 853 1763 1209 1814; x_wconf 86' lang='lat' dir='ltr'>consequere.</span> <span class='ocrx_word' id='word_1_128' title='bbox 1274 1745 1384 1798; x_wconf 85' lang='lat' dir='ltr'>Sed</span> <span class='ocrx_word' id='word_1_129' title='bbox 1415 1762 1561 1806; x_wconf 85' lang='lat' dir='ltr'>cave,</span> <span class='ocrx_word' id='word_1_130' title='bbox 1596 1744 1643 1796; x_wconf 92' lang='lat' dir='ltr'>si</span> <span class='ocrx_word' id='word_1_131' title='bbox 1673 1761 1760 1794; x_wconf 93' lang='lat' dir='ltr'>me</span> <span class='ocrx_word' id='word_1_132' title='bbox 1793 1761 1961 1805; x_wconf 85' lang='lat' dir='ltr'>amaS,</span> 
     </span>
    </p>
   </div>
   <div class='ocr_carea' id='block_1_3' title="bbox 225 1565 1638 1707">
    <p class='ocr_par' dir='ltr' id='par_1_3' title="bbox 225 1565 1638 1707">
     <span class='ocr_line' id='line_1_19' title="bbox 225 1565 1066 1618; baseline -0.001 0"><span class='ocrx_word' id='word_1_133' title='bbox 225 1576 344 1618; x_wconf 92' lang='lat' dir='ltr'>tum</span> <span class='ocrx_word' id='word_1_134' title='bbox 387 1567 624 1618; x_wconf 85' lang='lat' dir='ltr'>maxime</span> <span class='ocrx_word' id='word_1_135' title='bbox 655 1566 818 1617; x_wconf 90' lang='lat' dir='ltr'>simul</span> <span class='ocrx_word' id='word_1_136' title='bbox 846 1565 1066 1617; x_wconf 85' lang='lat' dir='ltr'>vivitur.</span> 
     </span>
     <span class='ocr_line' id='line_1_20' title="bbox 1149 1654 1638 1707; baseline -0.004 0"><span class='ocrx_word' id='word_1_137' title='bbox 1149 1655 1296 1707; x_wconf 89' lang='lat' dir='ltr'>Cura</span> <span class='ocrx_word' id='word_1_138' title='bbox 1337 1663 1397 1706; x_wconf 93' lang='lat' dir='ltr'>ut</span> <span class='ocrx_word' id='word_1_139' title='bbox 1439 1654 1638 1705; x_wconf 79' lang='lat' dir='ltr'>Valeas,</span> 
     </span>
    </p>
   </div>
   <div class='ocr_carea' id='block_1_4' title="bbox 226 1836 1963 2085">
    <p class='ocr_par' dir='ltr' id='par_1_4' title="bbox 226 1836 1963 2085">
     <span class='ocr_line' id='line_1_21' title="bbox 227 1836 1961 1905; baseline -0.002 -15"><span class='ocrx_word' id='word_1_140' title='bbox 227 1839 511 1890; x_wconf 86' lang='lat' dir='ltr'>existimes</span> <span class='ocrx_word' id='word_1_141' title='bbox 554 1855 642 1889; x_wconf 94' lang='lat' dir='ltr'>me</span> <span class='ocrx_word' id='word_1_142' title='bbox 684 1839 829 1905; x_wconf 90' lang='lat' dir='ltr'>quod</span> <span class='ocrx_word' id='word_1_143' title='bbox 873 1837 1113 1888; x_wconf 92' lang='lat' dir='ltr'>iocosius</span> <span class='ocrx_word' id='word_1_144' title='bbox 1157 1837 1395 1888; x_wconf 90' lang='lat' dir='ltr'>scribam</span> <span class='ocrx_word' id='word_1_145' title='bbox 1452 1836 1721 1887; x_wconf 90' lang='lat' dir='ltr'>abiecisse</span> <span class='ocrx_word' id='word_1_146' title='bbox 1776 1853 1961 1887; x_wconf 89' lang='lat' dir='ltr'>curam</span> 
     </span>
     <span class='ocr_line' id='line_1_22' title="bbox 226 1927 1962 1996; baseline -0.001 -17"><span class='ocrx_word' id='word_1_147' title='bbox 226 1930 305 1980; x_wconf 91' lang='lat' dir='ltr'>rei</span> <span class='ocrx_word' id='word_1_148' title='bbox 333 1947 384 1996; x_wconf 89' lang='lat' dir='ltr'>p.</span> <span class='ocrx_word' id='word_1_149' title='bbox 470 1929 562 1980; x_wconf 90' lang='lat' dir='ltr'>Sic</span> <span class='ocrx_word' id='word_1_150' title='bbox 595 1928 711 1989; x_wconf 92' lang='lat' dir='ltr'>tibi,</span> <span class='ocrx_word' id='word_1_151' title='bbox 744 1928 819 1978; x_wconf 90' lang='lat' dir='ltr'>mi</span> <span class='ocrx_word' id='word_1_152' title='bbox 859 1929 1042 1988; x_wconf 88' lang='lat' dir='ltr'>Paete,</span> <span class='ocrx_word' id='word_1_153' title='bbox 1075 1928 1362 1994; x_wconf 90' lang='lat' dir='ltr'>persuade,</span> <span class='ocrx_word' id='word_1_154' title='bbox 1395 1944 1483 1978; x_wconf 90' lang='lat' dir='ltr'>me</span> <span class='ocrx_word' id='word_1_155' title='bbox 1517 1927 1635 1978; x_wconf 89' lang='lat' dir='ltr'>dies</span> <span class='ocrx_word' id='word_1_156' title='bbox 1674 1934 1728 1977; x_wconf 93' lang='lat' dir='ltr'>et</span> <span class='ocrx_word' id='word_1_157' title='bbox 1768 1934 1962 1978; x_wconf 90' lang='lat' dir='ltr'>noctes</span> 
     </span>
     <span class='ocr_line' id='line_1_23' title="bbox 226 2016 1963 2085; baseline -0.001 -16"><span class='ocrx_word' id='word_1_158' title='bbox 226 2020 363 2070; x_wconf 90' lang='lat' dir='ltr'>nihil</span> <span class='ocrx_word' id='word_1_159' title='bbox 398 2020 545 2070; x_wconf 89' lang='lat' dir='ltr'>aliud</span> <span class='ocrx_word' id='word_1_160' title='bbox 583 2035 763 2085; x_wconf 89' lang='lat' dir='ltr'>agere,</span> <span class='ocrx_word' id='word_1_161' title='bbox 797 2018 935 2068; x_wconf 90' lang='lat' dir='ltr'>nihil</span> <span class='ocrx_word' id='word_1_162' title='bbox 979 2035 1186 2079; x_wconf 91' lang='lat' dir='ltr'>curare,</span> <span class='ocrx_word' id='word_1_163' title='bbox 1233 2018 1341 2068; x_wconf 89' lang='lat' dir='ltr'>nisi</span> <span class='ocrx_word' id='word_1_164' title='bbox 1380 2025 1439 2068; x_wconf 92' lang='lat' dir='ltr'>ut</span> <span class='ocrx_word' id='word_1_165' title='bbox 1490 2017 1598 2068; x_wconf 90' lang='lat' dir='ltr'>mei</span> <span class='ocrx_word' id='word_1_166' title='bbox 1638 2017 1785 2068; x_wconf 86' lang='lat' dir='ltr'>cives</span> <span class='ocrx_word' id='word_1_167' title='bbox 1828 2016 1963 2068; x_wconf 88' lang='lat' dir='ltr'>salvi</span> 
     </span>
    </p>
   </div>
   <div class='ocr_carea' id='block_1_5' title="bbox 227 2106 1965 2176">
    <p class='ocr_par' dir='ltr' id='par_1_5' title="bbox 227 2106 1965 2176">
     <span class='ocr_line' id='line_1_24' title="bbox 227 2106 1965 2176; baseline -0.002 -16"><span class='ocrx_word' id='word_1_168' title='bbox 227 2110 495 2176; x_wconf 90' lang='lat' dir='ltr'>liberique</span> <span class='ocrx_word' id='word_1_169' title='bbox 539 2109 665 2160; x_wconf 92' lang='lat' dir='ltr'>sint.</span> <span class='ocrx_word' id='word_1_170' title='bbox 774 2108 1005 2159; x_wconf 92' lang='lat' dir='ltr'>Nullum</span> <span class='ocrx_word' id='word_1_171' title='bbox 1049 2108 1232 2159; x_wconf 94' lang='lat' dir='ltr'>locum</span> <span class='ocrx_word' id='word_1_172' title='bbox 1275 2107 1659 2174; x_wconf 90' lang='lat' dir='ltr'>praetermitto</span> <span class='ocrx_word' id='word_1_173' title='bbox 1703 2106 1965 2158; x_wconf 91' lang='lat' dir='ltr'>monendi</span> 
     </span>
    </p>
   </div>
   <div class='ocr_carea' id='block_1_6' title="bbox 226 2247 1051 2466">
    <p class='ocr_par' dir='ltr' id='par_1_6' title="bbox 226 2247 1051 2466">
     <span class='ocr_line' id='line_1_25' title="bbox 227 2247 1048 2288; baseline -0.004 0"><span class='ocrx_word' id='word_1_174' title='bbox 227 2249 335 2288; x_wconf 91' lang='lat' dir='ltr'>ened</span> <span class='ocrx_word' id='word_1_175' title='bbox 358 2249 444 2288; x_wconf 88' lang='lat' dir='ltr'>him</span> <span class='ocrx_word' id='word_1_176' title='bbox 468 2248 574 2288; x_wconf 88' lang='lat' dir='ltr'>until</span> <span class='ocrx_word' id='word_1_177' title='bbox 597 2248 669 2287; x_wconf 87' lang='lat' dir='ltr'>the</span> <span class='ocrx_word' id='word_1_178' title='bbox 697 2247 797 2286; x_wconf 87' lang='lat' dir='ltr'>Ides</span> <span class='ocrx_word' id='word_1_179' title='bbox 821 2247 868 2286; x_wconf 85' lang='lat' dir='ltr'>of</span> <span class='ocrx_word' id='word_1_180' title='bbox 899 2248 1048 2286; x_wconf 86' lang='lat' dir='ltr'>March</span> 
     </span>
     <span class='ocr_line' id='line_1_26' title="bbox 226 2303 1050 2355; baseline -0.002 -12"><span class='ocrx_word' id='word_1_181' title='bbox 226 2317 334 2343; x_wconf 84' lang='lat' dir='ltr'>were</span> <span class='ocrx_word' id='word_1_182' title='bbox 355 2312 466 2355; x_wconf 82' lang='lat' dir='ltr'>past.</span> <span class='ocrx_word' id='word_1_183' title='bbox 484 2316 662 2344; x_wconf 87' lang='lat' dir='ltr'>—cum</span> <span class='ocrx_word' id='word_1_184' title='bbox 689 2304 931 2343; x_wconf 88' lang='lat' dir='ltr'>Favonius</span> <span class='ocrx_word' id='word_1_185' title='bbox 964 2303 1050 2341; x_wconf 85' lang='lat' dir='ltr'>fla-</span> 
     </span>
     <span class='ocr_line' id='line_1_27' title="bbox 226 2359 1051 2409; baseline -0.004 -10"><span class='ocrx_word' id='word_1_186' title='bbox 226 2367 326 2399; x_wconf 87' lang='lat' dir='ltr'>ret:</span> <span class='ocrx_word' id='word_1_187' title='bbox 377 2361 461 2399; x_wconf 91' lang='lat' dir='ltr'>this</span> <span class='ocrx_word' id='word_1_188' title='bbox 511 2359 623 2399; x_wconf 88' lang='lat' dir='ltr'>wind</span> <span class='ocrx_word' id='word_1_189' title='bbox 672 2359 812 2409; x_wconf 84' lang='lat' dir='ltr'>began</span> <span class='ocrx_word' id='word_1_190' title='bbox 853 2366 898 2397; x_wconf 91' lang='lat' dir='ltr'>to</span> <span class='ocrx_word' id='word_1_191' title='bbox 939 2359 1051 2397; x_wconf 92' lang='lat' dir='ltr'>blow</span> 
     </span>
     <span class='ocr_line' id='line_1_28' title="bbox 227 2414 1050 2466; baseline -0.002 -12"><span class='ocrx_word' id='word_1_192' title='bbox 227 2416 379 2466; x_wconf 88' lang='lat' dir='ltr'>during</span> <span class='ocrx_word' id='word_1_193' title='bbox 409 2416 481 2454; x_wconf 87' lang='lat' dir='ltr'>the</span> <span class='ocrx_word' id='word_1_194' title='bbox 512 2414 675 2454; x_wconf 88' lang='lat' dir='ltr'>second</span> <span class='ocrx_word' id='word_1_195' title='bbox 708 2414 823 2453; x_wconf 88' lang='lat' dir='ltr'>week</span> <span class='ocrx_word' id='word_1_196' title='bbox 863 2415 905 2452; x_wconf 91' lang='lat' dir='ltr'>in</span> <span class='ocrx_word' id='word_1_197' title='bbox 949 2414 1050 2453; x_wconf 88' lang='lat' dir='ltr'>Feb.</span> 
     </span>
    </p>
   </div>
   <div class='ocr_carea' id='block_1_7' title="bbox 1136 2248 1962 2466">
    <p class='ocr_par' dir='ltr' id='par_1_7' title="bbox 1136 2248 1962 2466">
     <span class='ocr_line' id='line_1_29' title="bbox 1137 2248 1962 2288; baseline 0 -1"><span class='ocrx_word' id='word_1_198' title='bbox 1137 2249 1296 2288; x_wconf 88' lang='lat' dir='ltr'>iocum</span> <span class='ocrx_word' id='word_1_199' title='bbox 1321 2263 1328 2286; x_wconf 94' lang='lat'><strong>:</strong></span> <span class='ocrx_word' id='word_1_200' title='bbox 1380 2248 1608 2288; x_wconf 84' lang='lat' dir='ltr'>elsewhere</span> <span class='ocrx_word' id='word_1_201' title='bbox 1667 2249 1758 2288; x_wconf 86' lang='lat' dir='ltr'>also</span> <span class='ocrx_word' id='word_1_202' title='bbox 1807 2254 1962 2288; x_wconf 80' lang='lat' dir='ltr'>remoto</span> 
     </span>
     <span class='ocr_line' id='line_1_30' title="bbox 1136 2304 1962 2356; baseline 0.001 -14"><span class='ocrx_word' id='word_1_203' title='bbox 1136 2306 1289 2344; x_wconf 86' lang='lat' dir='ltr'>ioco.—</span> <span class='ocrx_word' id='word_1_204' title='bbox 1304 2304 1383 2351; x_wconf 85' lang='lat' dir='ltr'>illi,</span> <span class='ocrx_word' id='word_1_205' title='bbox 1401 2311 1478 2343; x_wconf 90' lang='lat' dir='ltr'>etc.</span> <span class='ocrx_word' id='word_1_206' title='bbox 1496 2319 1504 2341; x_wconf 80' lang='lat' dir='ltr'>z</span> <span class='ocrx_word' id='word_1_207' title='bbox 1525 2304 1579 2342; x_wconf 81' lang='lat' dir='ltr'>cf.</span> <span class='ocrx_word' id='word_1_208' title='bbox 1602 2305 1650 2342; x_wconf 81' lang='lat' dir='ltr'>de</span> <span class='ocrx_word' id='word_1_209' title='bbox 1670 2306 1765 2343; x_wconf 82' lang='lat' dir='ltr'>Sen.</span> <span class='ocrx_word' id='word_1_210' title='bbox 1783 2315 1849 2356; x_wconf 85' lang='lat'>45,</span> <span class='ocrx_word' id='word_1_211' title='bbox 1867 2306 1962 2343; x_wconf 80' lang='lat' dir='ltr'><em>bene</em></span> 
     </span>
     <span class='ocr_line' id='line_1_31' title="bbox 1136 2360 1961 2410; baseline 0 -12"><span class='ocrx_word' id='word_1_212' title='bbox 1136 2362 1248 2398; x_wconf 82' lang='lat' dir='ltr'>enim</span> <span class='ocrx_word' id='word_1_213' title='bbox 1290 2362 1469 2399; x_wconf 75' lang='lat' dir='ltr'>maiores</span> <span class='ocrx_word' id='word_1_214' title='bbox 1497 2360 1790 2398; x_wconf 79' lang='lat' dir='ltr'>accubitionem</span> <span class='ocrx_word' id='word_1_215' title='bbox 1822 2361 1961 2410; x_wconf 73' lang='lat' dir='ltr'><em>epula-</em></span> 
     </span>
     <span class='ocr_line' id='line_1_32' title="bbox 1138 2417 1961 2466; baseline 0 -13"><span class='ocrx_word' id='word_1_216' title='bbox 1138 2429 1223 2453; x_wconf 78' lang='lat' dir='ltr'>rem</span> <span class='ocrx_word' id='word_1_217' title='bbox 1247 2417 1494 2461; x_wconf 76' lang='lat' dir='ltr'>amicorum,</span> <span class='ocrx_word' id='word_1_218' title='bbox 1517 2417 1617 2466; x_wconf 80' lang='lat' dir='ltr'>quia</span> <span class='ocrx_word' id='word_1_219' title='bbox 1643 2417 1752 2454; x_wconf 78' lang='lat' dir='ltr'><em>vitae</em></span> <span class='ocrx_word' id='word_1_220' title='bbox 1771 2417 1961 2454; x_wconf 81' lang='lat' dir='ltr'>coniunc-</span> 
     </span>
    </p>
   </div>
   <div class='ocr_carea' id='block_1_8' title="bbox 224 2470 1053 3130">
    <p class='ocr_par' dir='ltr' id='par_1_8' title="bbox 226 2470 1052 2689">
     <span class='ocr_line' id='line_1_33' title="bbox 230 2470 1050 2521; baseline -0.004 -11"><span class='ocrx_word' id='word_1_221' title='bbox 230 2471 301 2521; x_wconf 85' lang='lat' dir='ltr'>(cf.</span> <span class='ocrx_word' id='word_1_222' title='bbox 335 2471 441 2510; x_wconf 91' lang='lat' dir='ltr'>Plin.</span> <span class='ocrx_word' id='word_1_223' title='bbox 482 2473 538 2509; x_wconf 91' lang='lat' dir='ltr'>N.</span> <span class='ocrx_word' id='word_1_224' title='bbox 580 2472 637 2509; x_wconf 69' lang='lat' dir='ltr'>Is.</span> <span class='ocrx_word' id='word_1_225' title='bbox 668 2482 704 2508; x_wconf 90' lang='lat'>2.</span> <span class='ocrx_word' id='word_1_226' title='bbox 739 2481 835 2518; x_wconf 89' lang='lat'>122;</span> <span class='ocrx_word' id='word_1_227' title='bbox 877 2470 1050 2509; x_wconf 87' lang='lat' dir='ltr'>Colum.</span> 
     </span>
     <span class='ocr_line' id='line_1_34' title="bbox 231 2525 1050 2578; baseline -0.001 -14"><span class='ocrx_word' id='word_1_228' title='bbox 231 2538 292 2564; x_wconf 89' lang='lat'>11.</span> <span class='ocrx_word' id='word_1_229' title='bbox 312 2538 434 2578; x_wconf 81' lang='lat'>2.15;</span> <span class='ocrx_word' id='word_1_230' title='bbox 460 2525 583 2572; x_wconf 91' lang='lat' dir='ltr'>Ovid,</span> <span class='ocrx_word' id='word_1_231' title='bbox 599 2527 721 2564; x_wconf 85' lang='lat' dir='ltr'><em>Fasti</em></span> <span class='ocrx_word' id='word_1_232' title='bbox 742 2538 777 2563; x_wconf 88' lang='lat'>2.</span> <span class='ocrx_word' id='word_1_233' title='bbox 799 2525 910 2576; x_wconf 85' lang='lat'>149).</span> <span class='ocrx_word' id='word_1_234' title='bbox 956 2526 1050 2564; x_wconf 93' lang='lat' dir='ltr'>The</span> 
     </span>
     <span class='ocr_line' id='line_1_35' title="bbox 226 2580 1052 2632; baseline -0.002 -12"><span class='ocrx_word' id='word_1_235' title='bbox 226 2582 442 2620; x_wconf 79' lang='lat' dir='ltr'>reference</span> <span class='ocrx_word' id='word_1_236' title='bbox 473 2582 594 2632; x_wconf 89' lang='lat' dir='ltr'>helps</span> <span class='ocrx_word' id='word_1_237' title='bbox 624 2588 668 2620; x_wconf 90' lang='lat' dir='ltr'>to</span> <span class='ocrx_word' id='word_1_238' title='bbox 695 2580 752 2619; x_wconf 87' lang='lat' dir='ltr'>fix</span> <span class='ocrx_word' id='word_1_239' title='bbox 785 2581 857 2620; x_wconf 91' lang='lat' dir='ltr'>the</span> <span class='ocrx_word' id='word_1_240' title='bbox 884 2580 983 2619; x_wconf 87' lang='lat' dir='ltr'>date</span> <span class='ocrx_word' id='word_1_241' title='bbox 1006 2580 1052 2619; x_wconf 84' lang='lat' dir='ltr'>of</span> 
     </span>
     <span class='ocr_line' id='line_1_36' title="bbox 227 2637 817 2689; baseline -0.002 -14"><span class='ocrx_word' id='word_1_242' title='bbox 227 2638 299 2676; x_wconf 90' lang='lat' dir='ltr'>the</span> <span class='ocrx_word' id='word_1_243' title='bbox 321 2638 446 2676; x_wconf 86' lang='lat' dir='ltr'>letter</span> <span class='ocrx_word' id='word_1_244' title='bbox 464 2637 535 2689; x_wconf 84' lang='lat' dir='ltr'>(cf.</span> <span class='ocrx_word' id='word_1_245' title='bbox 556 2638 707 2682; x_wconf 90' lang='lat' dir='ltr'>Ruete,</span> <span class='ocrx_word' id='word_1_246' title='bbox 732 2637 817 2687; x_wconf 87' lang='grc'>44).</span> 
     </span>
    </p>

    <p class='ocr_par' dir='ltr' id='par_1_9' title="bbox 224 2692 1053 3130">
     <span class='ocr_line' id='line_1_37' title="bbox 282 2692 1050 2743; baseline -0.004 -12"><span class='ocrx_word' id='word_1_247' title='bbox 282 2705 319 2743; x_wconf 83' lang='lat'>3.</span> <span class='ocrx_word' id='word_1_248' title='bbox 352 2692 648 2731; x_wconf 88' lang='lat' dir='ltr'>mehercule:</span> <span class='ocrx_word' id='word_1_249' title='bbox 685 2692 738 2730; x_wconf 85' lang='lat' dir='ltr'>cf.</span> <span class='ocrx_word' id='word_1_250' title='bbox 756 2693 951 2737; x_wconf 82' lang='lat' dir='ltr'>mercule,</span> <span class='ocrx_word' id='word_1_251' title='bbox 971 2692 1050 2742; x_wconf 91' lang='lat' dir='ltr'>Ep.</span> 
     </span>
     <span class='ocr_line' id='line_1_38' title="bbox 228 2747 1051 2798; baseline -0.001 -12"><span class='ocrx_word' id='word_1_252' title='bbox 228 2749 370 2786; x_wconf 87' lang='lat' dir='ltr'>XXV.</span> <span class='ocrx_word' id='word_1_253' title='bbox 394 2760 417 2798; x_wconf 83' lang='lat'>3</span> <span class='ocrx_word' id='word_1_254' title='bbox 439 2748 630 2786; x_wconf 86' lang='lat' dir='ltr'>n.—-rni</span> <span class='ocrx_word' id='word_1_255' title='bbox 665 2749 842 2786; x_wconf 88' lang='lat' dir='ltr'>Paete:</span> <span class='ocrx_word' id='word_1_256' title='bbox 874 2747 947 2785; x_wconf 89' lang='lat' dir='ltr'>the</span> <span class='ocrx_word' id='word_1_257' title='bbox 976 2759 1051 2785; x_wconf 90' lang='lat' dir='ltr'>use</span> 
     </span>
     <span class='ocr_line' id='line_1_39' title="bbox 227 2802 1050 2849; baseline -0.001 -8"><span class='ocrx_word' id='word_1_258' title='bbox 227 2803 274 2841; x_wconf 85' lang='lat' dir='ltr'>of</span> <span class='ocrx_word' id='word_1_259' title='bbox 304 2804 400 2848; x_wconf 83' lang='lat' dir='ltr'>this,</span> <span class='ocrx_word' id='word_1_260' title='bbox 431 2803 500 2841; x_wconf 86' lang='lat' dir='ltr'>for</span> <span class='ocrx_word' id='word_1_261' title='bbox 532 2804 698 2849; x_wconf 79' lang='lat' dir='ltr'>Cicero,</span> <span class='ocrx_word' id='word_1_262' title='bbox 723 2803 907 2841; x_wconf 89' lang='lat' dir='ltr'>unusual</span> <span class='ocrx_word' id='word_1_263' title='bbox 937 2802 1050 2840; x_wconf 85' lang='lat' dir='ltr'>form</span> 
     </span>
     <span class='ocr_line' id='line_1_40' title="bbox 226 2857 1052 2897; baseline -0.001 -1"><span class='ocrx_word' id='word_1_264' title='bbox 226 2859 273 2897; x_wconf 86' lang='lat' dir='ltr'>of</span> <span class='ocrx_word' id='word_1_265' title='bbox 311 2858 487 2897; x_wconf 86' lang='lat' dir='ltr'>address</span> <span class='ocrx_word' id='word_1_266' title='bbox 538 2858 657 2896; x_wconf 89' lang='lat' dir='ltr'>three</span> <span class='ocrx_word' id='word_1_267' title='bbox 708 2859 834 2896; x_wconf 87' lang='lat' dir='ltr'>times</span> <span class='ocrx_word' id='word_1_268' title='bbox 882 2858 925 2895; x_wconf 90' lang='lat' dir='ltr'>in</span> <span class='ocrx_word' id='word_1_269' title='bbox 967 2857 1052 2895; x_wconf 92' lang='lat' dir='ltr'>this</span> 
     </span>
     <span class='ocr_line' id='line_1_41' title="bbox 224 2912 1053 2953; baseline -0.004 0"><span class='ocrx_word' id='word_1_270' title='bbox 224 2915 352 2953; x_wconf 86' lang='lat' dir='ltr'>letter</span> <span class='ocrx_word' id='word_1_271' title='bbox 390 2914 533 2952; x_wconf 88' lang='lat' dir='ltr'>shows</span> <span class='ocrx_word' id='word_1_272' title='bbox 574 2914 646 2952; x_wconf 92' lang='lat' dir='ltr'>the</span> <span class='ocrx_word' id='word_1_273' title='bbox 691 2919 961 2952; x_wconf 85' lang='lat' dir='ltr'>earnestness</span> <span class='ocrx_word' id='word_1_274' title='bbox 1006 2912 1053 2950; x_wconf 86' lang='lat' dir='ltr'>of</span> 
     </span>
     <span class='ocr_line' id='line_1_42' title="bbox 227 2969 1052 3018; baseline -0.002 -10"><span class='ocrx_word' id='word_1_275' title='bbox 227 2970 299 3008; x_wconf 87' lang='lat' dir='ltr'>the</span> <span class='ocrx_word' id='word_1_276' title='bbox 321 2970 472 3015; x_wconf 88' lang='lat' dir='ltr'>writer,</span> <span class='ocrx_word' id='word_1_277' title='bbox 495 2975 538 3007; x_wconf 89' lang='lat' dir='ltr'>at</span> <span class='ocrx_word' id='word_1_278' title='bbox 559 2969 666 3007; x_wconf 90' lang='lat' dir='ltr'>least</span> <span class='ocrx_word' id='word_1_279' title='bbox 689 2969 730 3006; x_wconf 92' lang='lat' dir='ltr'>in</span> <span class='ocrx_word' id='word_1_280' title='bbox 754 2969 826 3006; x_wconf 92' lang='lat' dir='ltr'>the</span> <span class='ocrx_word' id='word_1_281' title='bbox 848 2981 1052 3018; x_wconf 87' lang='lat' dir='ltr'>passages</span> 
     </span>
     <span class='ocr_line' id='line_1_43' title="bbox 226 3023 1051 3075; baseline -0.004 -12"><span class='ocrx_word' id='word_1_282' title='bbox 226 3026 367 3064; x_wconf 89' lang='lat' dir='ltr'>where</span> <span class='ocrx_word' id='word_1_283' title='bbox 391 3025 462 3063; x_wconf 86' lang='lat' dir='ltr'>the</span> <span class='ocrx_word' id='word_1_284' title='bbox 485 3024 735 3075; x_wconf 88' lang='lat' dir='ltr'>expression</span> <span class='ocrx_word' id='word_1_285' title='bbox 759 3036 922 3062; x_wconf 90' lang='lat' dir='ltr'>occurs.</span> <span class='ocrx_word' id='word_1_286' title='bbox 983 3023 1051 3062; x_wconf 87' lang='lat' dir='ltr'>Cf.</span> 
     </span>
     <span class='ocr_line' id='line_1_44' title="bbox 226 3080 1052 3130; baseline -0.002 -11"><span class='ocrx_word' id='word_1_287' title='bbox 226 3082 289 3119; x_wconf 86' lang='lat' dir='ltr'>mi</span> <span class='ocrx_word' id='word_1_288' title='bbox 327 3081 547 3130; x_wconf 77' lang='lat' dir='ltr'>Pomponi,</span> <span class='ocrx_word' id='word_1_289' title='bbox 589 3080 668 3130; x_wconf 90' lang='lat' dir='ltr'>Ep.</span> <span class='ocrx_word' id='word_1_290' title='bbox 711 3080 766 3116; x_wconf 94' lang='lat' dir='ltr'>X.</span> <span class='ocrx_word' id='word_1_291' title='bbox 800 3085 1052 3117; x_wconf 87' lang='lat' dir='ltr'>n.—-extra</span> 
     </span>
    </p>
   </div>
   <div class='ocr_carea' id='block_1_9' title="bbox 1129 2472 1965 3129">
    <p class='ocr_par' dir='ltr' id='par_1_10' title="bbox 1137 2472 1965 2676">
     <span class='ocr_line' id='line_1_45' title="bbox 1137 2472 1961 2517; baseline -0.001 -8"><span class='ocrx_word' id='word_1_292' title='bbox 1137 2473 1288 2509; x_wconf 78' lang='lat' dir='ltr'>tionem</span> <span class='ocrx_word' id='word_1_293' title='bbox 1311 2472 1487 2517; x_wconf 69' lang='lat' dir='ltr'>haberet,</span> <span class='ocrx_word' id='word_1_294' title='bbox 1509 2473 1746 2509; x_wconf 82' lang='lat' dir='ltr'>convivium</span> <span class='ocrx_word' id='word_1_295' title='bbox 1772 2472 1961 2509; x_wconf 83' lang='lat' dir='ltr'>nomina·</span> 
     </span>
     <span class='ocr_line' id='line_1_46' title="bbox 1137 2527 1965 2577; baseline 0 -13"><span class='ocrx_word' id='word_1_296' title='bbox 1137 2532 1304 2572; x_wconf 76' lang='lat' dir='ltr'>verunt,</span> <span class='ocrx_word' id='word_1_297' title='bbox 1336 2528 1485 2564; x_wconf 79' lang='lat' dir='ltr'><em>melius</em></span> <span class='ocrx_word' id='word_1_298' title='bbox 1524 2540 1650 2577; x_wconf 76' lang='lat' dir='ltr'>quam</span> <span class='ocrx_word' id='word_1_299' title='bbox 1694 2527 1856 2572; x_wconf 80' lang='lat' dir='ltr'>Graeci,</span> <span class='ocrx_word' id='word_1_300' title='bbox 1888 2527 1965 2577; x_wconf 81' lang='lat' dir='ltr'>qui</span> 
     </span>
     <span class='ocr_line' id='line_1_47' title="bbox 1138 2582 1958 2631; baseline 0.001 -12"><span class='ocrx_word' id='word_1_301' title='bbox 1138 2582 1212 2619; x_wconf 75' lang='lat' dir='ltr'>lzoc</span> <span class='ocrx_word' id='word_1_302' title='bbox 1236 2583 1343 2620; x_wconf 80' lang='lat' dir='ltr'>idem</span> <span class='ocrx_word' id='word_1_303' title='bbox 1376 2588 1464 2620; x_wconf 81' lang='lat' dir='ltr'>tum</span> <span class='ocrx_word' id='word_1_304' title='bbox 1498 2595 1582 2619; x_wconf 88' lang='lat' dir='ltr'>com</span> <span class='ocrx_word' id='word_1_305' title='bbox 1581 2583 1849 2631; x_wconf 70' lang='lat' dir='ltr'>potationem,</span> <span class='ocrx_word' id='word_1_306' title='bbox 1872 2587 1958 2620; x_wconf 85' lang='lat' dir='ltr'>tum</span> 
     </span>
     <span class='ocr_line' id='line_1_48' title="bbox 1139 2639 1652 2676; baseline -0.002 -1"><span class='ocrx_word' id='word_1_307' title='bbox 1139 2639 1470 2676; x_wconf 75' lang='lat' dir='ltr'>concenationem</span> <span class='ocrx_word' id='word_1_308' title='bbox 1495 2643 1652 2675; x_wconf 72' lang='lat' dir='ltr'>vocant.</span> 
     </span>
    </p>

    <p class='ocr_par' dir='ltr' id='par_1_11' title="bbox 1129 2692 1965 3129">
     <span class='ocr_line' id='line_1_49' title="bbox 1194 2692 1960 2740; baseline 0 -11"><span class='ocrx_word' id='word_1_309' title='bbox 1194 2704 1232 2740; x_wconf 87' lang='lat'>4.</span> <span class='ocrx_word' id='word_1_310' title='bbox 1265 2693 1306 2731; x_wconf 88' lang='lat' dir='ltr'>si</span> <span class='ocrx_word' id='word_1_311' title='bbox 1337 2705 1413 2731; x_wconf 88' lang='lat' dir='ltr'>me</span> <span class='ocrx_word' id='word_1_312' title='bbox 1446 2704 1608 2731; x_wconf 88' lang='lat' dir='ltr'>arnas:</span> <span class='ocrx_word' id='word_1_313' title='bbox 1641 2692 1695 2730; x_wconf 83' lang='lat' dir='ltr'>cf.</span> <span class='ocrx_word' id='word_1_314' title='bbox 1728 2692 1832 2730; x_wconf 87' lang='lat' dir='ltr'>Intr.</span> <span class='ocrx_word' id='word_1_315' title='bbox 1872 2703 1960 2730; x_wconf 92' lang='lat'>100.</span> 
     </span>
     <span class='ocr_line' id='line_1_50' title="bbox 1140 2747 1961 2798; baseline -0.002 -12"><span class='ocrx_word' id='word_1_316' title='bbox 1140 2748 1274 2786; x_wconf 83' lang='lat' dir='ltr'>—sic</span> <span class='ocrx_word' id='word_1_317' title='bbox 1299 2777 1307 2786; x_wconf 94' lang='lat'>.</span> <span class='ocrx_word' id='word_1_318' title='bbox 1334 2777 1343 2786; x_wconf 95' lang='lat'>.</span> <span class='ocrx_word' id='word_1_319' title='bbox 1367 2775 1377 2786; x_wconf 94' lang='lat'>.</span> <span class='ocrx_word' id='word_1_320' title='bbox 1402 2748 1666 2798; x_wconf 88' lang='lat' dir='ltr'>persuade:</span> <span class='ocrx_word' id='word_1_321' title='bbox 1696 2747 1765 2785; x_wconf 87' lang='lat' dir='ltr'>for</span> <span class='ocrx_word' id='word_1_322' title='bbox 1794 2748 1867 2785; x_wconf 78' lang='lat' dir='ltr'>hoc</span> <span class='ocrx_word' id='word_1_323' title='bbox 1889 2776 1896 2783; x_wconf 93' lang='lat'>.</span> <span class='ocrx_word' id='word_1_324' title='bbox 1920 2776 1927 2783; x_wconf 93' lang='lat'>.</span> <span class='ocrx_word' id='word_1_325' title='bbox 1953 2776 1961 2784; x_wconf 90' lang='lat'>.</span> 
     </span>
     <span class='ocr_line' id='line_1_51' title="bbox 1129 2802 1959 2854; baseline -0.004 -13"><span class='ocrx_word' id='word_1_326' title='bbox 1129 2804 1352 2852; x_wconf 66' lang='lat' dir='ltr'>persuade.</span> <span class='ocrx_word' id='word_1_327' title='bbox 1413 2803 1482 2840; x_wconf 84' lang='lat' dir='ltr'>Cf.</span> <span class='ocrx_word' id='word_1_328' title='bbox 1514 2805 1584 2848; x_wconf 82' lang='lat' dir='ltr'>sic,</span> <span class='ocrx_word' id='word_1_329' title='bbox 1618 2803 1695 2852; x_wconf 85' lang='lat' dir='ltr'>Ep.</span> <span class='ocrx_word' id='word_1_330' title='bbox 1730 2802 1850 2840; x_wconf 92' lang='lat' dir='ltr'>LXI.</span> <span class='ocrx_word' id='word_1_331' title='bbox 1878 2812 1959 2854; x_wconf 80' lang='lat' dir='ltr'>5n.</span> 
     </span>
     <span class='ocr_line' id='line_1_52' title="bbox 1136 2857 1963 2897; baseline -0.002 -1"><span class='ocrx_word' id='word_1_332' title='bbox 1136 2859 1390 2897; x_wconf 89' lang='lat' dir='ltr'>—nullum</span> <span class='ocrx_word' id='word_1_333' title='bbox 1432 2858 1619 2897; x_wconf 88' lang='lat' dir='ltr'>locum:</span> <span class='ocrx_word' id='word_1_334' title='bbox 1670 2857 1724 2895; x_wconf 87' lang='lat' dir='ltr'>cf.</span> <span class='ocrx_word' id='word_1_335' title='bbox 1758 2871 1829 2895; x_wconf 82' lang='lat' dir='ltr'>nec</span> <span class='ocrx_word' id='word_1_336' title='bbox 1867 2870 1963 2896; x_wconf 81' lang='lat' dir='ltr'>vero</span> 
     </span>
     <span class='ocr_line' id='line_1_53' title="bbox 1137 2913 1965 2963; baseline -0.001 -13"><span class='ocrx_word' id='word_1_337' title='bbox 1137 2915 1224 2962; x_wconf 72' lang='lat' dir='ltr'><em>ipse</em></span> <span class='ocrx_word' id='word_1_338' title='bbox 1236 2920 1378 2963; x_wconf 74' lang='lat' dir='ltr'>postea</span> <span class='ocrx_word' id='word_1_339' title='bbox 1400 2919 1560 2963; x_wconf 77' lang='lat' dir='ltr'>tempus</span> <span class='ocrx_word' id='word_1_340' title='bbox 1582 2914 1718 2950; x_wconf 81' lang='lat' dir='ltr'><em>ullum</em></span> <span class='ocrx_word' id='word_1_341' title='bbox 1749 2913 1965 2951; x_wconf 83' lang='lat' dir='ltr'><em>intermisi</em></span> 
     </span>
     <span class='ocr_line' id='line_1_54' title="bbox 1137 2968 1960 3018; baseline -0.002 -12"><span class='ocrx_word' id='word_1_342' title='bbox 1137 2969 1186 3006; x_wconf 83' lang='lat' dir='ltr'>de</span> <span class='ocrx_word' id='word_1_343' title='bbox 1215 2982 1260 3006; x_wconf 74' lang='lat' dir='ltr'>rc</span> <span class='ocrx_word' id='word_1_344' title='bbox 1277 2969 1447 3018; x_wconf 73' lang='lat' dir='ltr'>publica</span> <span class='ocrx_word' id='word_1_345' title='bbox 1476 2982 1559 3006; x_wconf 83' lang='lat' dir='ltr'>non</span> <span class='ocrx_word' id='word_1_346' title='bbox 1583 2969 1793 3018; x_wconf 77' lang='lat' dir='ltr'>cogitandi</span> <span class='ocrx_word' id='word_1_347' title='bbox 1814 2968 1960 3011; x_wconf 85' lang='lat' dir='ltr'>solum,</span> 
     </span>
     <span class='ocr_line' id='line_1_55' title="bbox 1137 3021 1960 3074; baseline -0.002 -13"><span class='ocrx_word' id='word_1_348' title='bbox 1137 3024 1210 3061; x_wconf 76' lang='lat' dir='ltr'>sed</span> <span class='ocrx_word' id='word_1_349' title='bbox 1235 3025 1358 3062; x_wconf 75' lang='lat' dir='ltr'>etiam</span> <span class='ocrx_word' id='word_1_350' title='bbox 1394 3025 1560 3074; x_wconf 71' lang='lat' dir='ltr'>agendi,</span> <span class='ocrx_word' id='word_1_351' title='bbox 1591 3024 1711 3061; x_wconf 78' lang='lat' dir='ltr'>Fam.</span> <span class='ocrx_word' id='word_1_352' title='bbox 1749 3034 1809 3061; x_wconf 92' lang='lat'>10.</span> <span class='ocrx_word' id='word_1_353' title='bbox 1842 3021 1905 3060; x_wconf 88' lang='lat'>28.</span> <span class='ocrx_word' id='word_1_354' title='bbox 1939 3033 1960 3059; x_wconf 88' lang='lat'><em>2</em></span> 
     </span>
     <span class='ocr_line' id='line_1_56' title="bbox 1142 3076 1879 3129; baseline -0.003 -13"><span class='ocrx_word' id='word_1_355' title='bbox 1142 3079 1325 3129; x_wconf 86' lang='lat' dir='ltr'>(written</span> <span class='ocrx_word' id='word_1_356' title='bbox 1349 3078 1482 3117; x_wconf 87' lang='lat' dir='ltr'>about</span> <span class='ocrx_word' id='word_1_357' title='bbox 1506 3077 1608 3117; x_wconf 90' lang='lat' dir='ltr'>Feb.</span> <span class='ocrx_word' id='word_1_358' title='bbox 1633 3090 1667 3123; x_wconf 88' lang='lat'>2,</span> <span class='ocrx_word' id='word_1_359' title='bbox 1690 3089 1741 3129; x_wconf 87' lang='lat'>43</span> <span class='ocrx_word' id='word_1_360' title='bbox 1765 3076 1879 3128; x_wconf 86' lang='lat' dir='ltr'>B.C.).</span> 
     </span>
    </p>
   </div>
  </div>
 </body>
</html>
