2067 3332
254 158 335 196 230
820 158 1095 197 CICERO'S
1140 159 1426 198 LETTERS.
1657 159 1756 212 [Ep.
1781 161 1990 199 LXXVI.

255 297 357 348 mis
400 296 678 348 laboribus
721 298 972 364 adethS‚
1017 315 1185 348 unum
1229 299 1488 349 manebat
1533 299 1666 350 illud
1709 299 1987 361 solacium,

255 388 402 454 quod
445 394 695 453 ereptum
746 394 844 438 est.
932 387 1061 437 Non
1106 388 1407 439 amicorum
1458 389 1713 455 negotiiS,
1760 406 1870 440 non
1913 390 1991 440 rei

254 476 503 543 publicae
531 477 917 544 procuratione
946 477 1390 544 impediebantur
1418 478 1787 545 cogitationes
1817 496 1986 541 meae,

255 566 388 616 nihil
417 567 472 617 in
501 567 622 617 foro
659 584 824 633 agere
862 567 1086 629 libebat,
1120 568 1402 634 adspicere
1437 569 1645 625 curiam
1688 586 1799 619 non
1841 577 1990 636 pote-

255 673 385 718 ram,
418 657 817 719 existimabam,
850 658 902 708 id
932 659 1079 725 quod
1111 665 1243 719 erat,
1275 658 1453 710 omnis
1483 675 1571 709 me
1601 666 1655 709 et
1687 659 1991 711 industriae

254 763 409 798 meae
437 747 655 798 fructus
686 755 741 798 et
771 748 1030 799 fortunae
1059 748 1382 815 perdidisse.
1469 748 1580 800 Sed
1623 766 1748 800 cum
1791 749 1990 816 cogita-

254 854 368 887 rem
397 837 532 889 haec
562 838 695 888 mihi
723 846 908 889 tecum
934 845 987 905 et
1013 856 1137 890 cum
1161 838 1488 905 quibusdam
1514 856 1637 889 esse
1661 839 1988 900 communia,

254 935 309 977 et
349 945 473 978 cum
510 928 827 995 frangerem
864 929 969 978 iam
1013 928 1132 995 ipse
1175 914 1262 979 me
1306 945 1674 996 cogeremque
1716 928 1806 979 illa
1845 919 1990 980 ferre

253 1017 571 1080 toleranter,
616 1019 888 1069 habebam
931 1035 1040 1085 quo
1083 1018 1460 1085 confugerem,
1505 1018 1598 1070 ubi
1641 1018 1990 1086 conquiesce-

253 1124 383 1169 rem,
417 1108 571 1159 cuius
614 1108 671 1158 in
714 1125 972 1159 sermone
1015 1116 1070 1159 et
1113 1109 1384 1160 suavitate
1427 1109 1607 1160 omnis
1650 1126 1808 1161 curas
1844 1109 2007 1161 dolo-'

253 1215 451 1265 resque
474 1199 823 1265 deponerem.
898 1199 1063 1250 Nunc
1093 1207 1280 1249 autem
1313 1199 1415 1250 hoc
1445 1206 1558 1250 tam
1588 1199 1742 1266 gravi
1763 1199 1989 1251 vulnere

253 1289 419 1339 etiam
462 1289 553 1339 illa
594 1306 735 1356 quae
778 1289 1141 1340 consanuisse
1184 1289 1516 1340 videbantur
1559 1290 1990 1352 recrudescunt;

252 1396 362 1429 non
409 1379 572 1440 enim,
618 1387 678 1430 ut
723 1387 842 1430 tum
889 1396 978 1430 me
1021 1397 1052 1430 a
1096 1397 1154 1430 re
1204 1379 1423 1446 publica
1472 1387 1743 1430 maestum
1793 1380 1987 1431 domus

252 1469 559 1536 excipiebat
614 1486 753 1537 quae
799 1469 1023 1530 levaret,
1071 1470 1150 1521 sic
1195 1487 1342 1521 nunc
1392 1470 1556 1520 domo
1613 1486 1865 1520 maerens
1920 1471 1987 1520 ad

251 1576 365 1610 rem
396 1559 673 1626 publicam
703 1560 1006 1627 confugere
1035 1576 1260 1626 possum
1291 1567 1350 1610 ut
1381 1560 1436 1609 in
1468 1559 1585 1610 eius
1615 1559 1774 1610 bonis
1805 1560 1988 1626 adqui-

251 1667 449 1701 escam.
535 1650 730 1717 Itaque
760 1657 814 1700 et
844 1651 1007 1701 domo
1036 1651 1232 1701 absum
1271 1658 1326 1700 et
1359 1649 1496 1710 foro,
1529 1650 1674 1716 quod
1717 1666 1819 1700 nec
1862 1666 1986 1700 eum

251 1740 510 1801 dolorem,
537 1754 701 1807 quem
722 1741 790 1790 de
819 1757 876 1790 re
905 1739 1126 1806 publica
1155 1739 1327 1806 capiO,
1362 1740 1557 1790 domus
1582 1740 1687 1790 iam
1716 1738 1987 1791 consolari

251 1838 436 1896 potest
482 1847 584 1881 nec
633 1830 1001 1881 domesticum
1057 1847 1145 1881 res
1200 1829 1435 1896 publica.
1522 1829 1648 1896 Quo
1705 1828 1880 1896 magis
1930 1836 1987 1880 te

251 1928 511 1986 exspecto
574 1928 740 1987 teque
799 1920 988 1971 videre
1042 1937 1203 1987 quam
1259 1919 1495 1986 primum
1552 1918 1747 1986 cupio:
1809 1917 1986 1970 maius

251 2009 385 2059 mihi
436 2010 699 2061 solacium
753 2010 969 2061 adferre
1020 2010 1161 2061 ratio
1215 2009 1365 2060 nulla
1419 2016 1604 2075 potest
1649 2025 1812 2076 quam
1862 2025 1986 2060 con-

250 2099 456 2150 iunctio
487 2100 906 2150 consuetudinis
938 2115 1368 2166 sermonumque
1403 2106 1750 2161 nostrorum3
1801 2115 1985 2165 quam-

250 2207 412 2256 quam
449 2191 734 2256 sperabam
770 2198 929 2240 tuum
968 2188 1461 2240 adventum—sic
1504 2188 1652 2239 enim
1693 2187 1984 2239 audiebam

248 2312 322 2317 ——
343 2280 798 2347 appropinquare.
879 2280 1001 2346 Ego
1031 2288 1216 2330 autem
1247 2296 1371 2330 cum
1402 2278 1591 2330 multis
1623 2278 1690 2329 de
1719 2277 1900 2329 causis
1930 2284 1986 2328 te

249 2377 449 2436 exopto
488 2387 650 2436 quam
692 2370 929 2436 primum
960 2369 1163 2430 videre,
1195 2376 1314 2419 tum
1359 2368 1524 2419 etiam
1568 2375 1627 2418 ut
1670 2375 1800 2418 ante
1843 2383 1984 2418 com-

248 2467 561 2510 mentemur
591 2459 735 2509 inter
763 2476 863 2510 nos
893 2476 1001 2526 qua
1043 2459 1255 2510 ratione
1293 2458 1453 2509 nobis
1481 2457 1881 2508 traducendum
1912 2456 1983 2507 sit

248 2550 351 2600 hoc
406 2557 642 2615 tempus,
701 2550 844 2616 quod
908 2557 993 2600 est
1054 2556 1235 2600 totum
1291 2549 1358 2599 ad
1420 2547 1583 2599 unius
1637 2547 1982 2598 voluntatem

247 2640 772 2690 accommodandum
825 2647 878 2689 et
929 2639 1219 2705 prudentis
1261 2646 1317 2688 et
1365 2637 1607 2688 liberalis
1650 2644 1720 2697 et,
1767 2644 1826 2686 ut
1868 2652 1983 2702 per-

247 2765 495 2804 solacium:
525 2767 585 2803 tle.
610 2764 682 2803 the
711 2763 1068 2815 companionship
1157 2764 1234 2814 Ep.
1280 2763 1467 2802 LXVII.
1487 2774 1522 2811 4.
1561 2785 1616 2790 —
1633 2761 1948 2801 consanuisse
1972 2773 1981 2798 ε

246 2819 330 2858 and
361 2820 590 2872 sympathy
620 2819 667 2858 of
706 2821 859 2858 Tullia.
877 2843 932 2847 ——
949 2820 1069 2858 ami·
1153 2818 1292 2857 found
1313 2819 1414 2871 only
1436 2818 1535 2856 here
1559 2817 1599 2855 in
1624 2817 1789 2856 Cicero.

247 2886 409 2914 corum
431 2876 656 2926 negotiis:
683 2888 729 2913 as
752 2888 805 2913 an
828 2874 1038 2913 advocate
1059 2887 1067 2923 ;
1211 2886 1247 2925 3.
1297 2875 1552 2924 sperabam
1577 2887 1585 2910 :
1640 2885 1694 2910 an
1749 2871 1982 2923 epistolary

246 2930 297 2968 cf.
320 2931 494 2968 sublatis
514 2931 695 2976 iudiciis,
717 2931 793 2980 Ep.
815 2930 959 2968 LXII.
988 2941 1001 2967 1
1025 2942 1065 2967 n.
1154 2935 1274 2967 tense
1293 2944 1301 2975 ;
1334 2928 1387 2967 cf.
1421 2930 1525 2967 Intr.
1547 2927 1600 2976 84
1621 2941 1651 2965 c.
1669 2950 1723 2955 -—
1738 2933 1848 2966 ante
1872 2941 1880 2965 :
1912 2926 1980 2964 be-

245 2985 508 3024 ——curiam:
528 2986 599 3024 the
618 2986 884 3037 ascendancy
899 2985 945 3022 of
963 2984 1067 3023 Cae·
1151 2983 1244 3022 fore
1282 2984 1479 3022 Caesar's
1511 2990 1656 3021 return
1688 2981 1800 3020 from
1835 2981 1979 3032 Spain,

246 3052 313 3077 sar
353 3040 438 3078 had
479 3040 608 3078 taken
645 3053 762 3091 away
793 3040 865 3078 the
901 3039 1067 3090 dignity
1152 3039 1287 3077 which
1311 3039 1416 3077 took
1440 3039 1560 3088 place
1582 3038 1624 3075 in
1660 3037 1790 3087 Sept„
1812 3047 1864 3088 45
1897 3045 1977 3073 B.C.

245 3094 329 3133 and
352 3095 560 3133 influence
593 3094 640 3132 of
670 3095 742 3132 the
773 3100 935 3133 senate.
996 3094 1063 3132 Cf.
1151 3116 1204 3120 —
1225 3094 1396 3133 unius:
1447 3094 1506 3131 τῖε.
1555 3094 1761 3131 Caesaris.
1786 3113 1836 3118 —
1860 3091 1980 3130 ami-
