2067 3332
237 189 316 229 144
802 188 1078 226 CICERO'S
1121 188 1409 226 LETTERS.
1583 187 1681 239 [Ep.
1706 188 1968 225 XXXVIII.

236 335 354 378 tum
386 328 625 378 iudicare
655 326 839 393 potius
882 321 1308 377 mansuetudine
1352 334 1406 377 et
1451 326 1767 377 innocentia
1808 326 1972 392 impe-

237 418 433 469 ratoris
483 417 819 483 provinciam
875 434 1036 483 quam
1078 417 1132 467 vi
1186 417 1423 467 militurn
1477 423 1570 466 aut
1625 415 1972 482 benignitate

237 509 465 559 deorum
509 514 782 557 retentam
832 515 998 573 atque
1055 514 1434 558 conservatam
1490 523 1627 566 esse,
1672 506 1815 572 quod
1870 522 1972 572 ego

238 615 360 648 mea
390 597 668 648 sententia
710 597 1018 648 censebam.
1105 597 1296 663 Atque
1337 597 1472 647 haec
1516 612 1618 662 ego
1661 595 1864 646 idcirco
1906 597 1973 646 ad

238 696 294 738 te
349 696 542 739 contra
596 687 1056 738 consuetudinem
1111 704 1288 737 meam
1343 686 1590 752 pluribus
1645 685 1840 751 scripsi
1894 694 1970 746 ut,

239 779 384 844 quod
427 777 662 828 maxime
691 777 830 837 vo10‚
867 776 1150 827 existimes
1193 793 1281 826 me
1322 777 1568 826 laborare
1612 783 1670 826 ut
1714 775 1816 826 tibi
1857 792 1974 842 per-

240 868 499 918 suadeam
531 884 619 918 me
649 875 704 918 et
727 867 966 917 voluisse
996 867 1063 917 de
1093 874 1188 916 tua
1216 866 1507 916 maiestate
1536 866 1679 932 quod
1710 865 1974 931 amplissi—

239 975 388 1008 mum
432 957 533 1008 sim
577 958 887 1018 arbitratUS,
932 966 985 1008 et
1029 957 1172 1023 quod
1214 963 1275 1006 tu
1318 955 1559 1006 maluisti
1600 955 1810 1006 factum
1853 971 1975 1005 esse

239 1049 495 1113 gaudere.
579 1047 718 1098 Vale
748 1055 801 1097 et
832 1064 931 1097 nos
963 1047 1130 1113 dilige
1160 1054 1215 1096 et
1245 1046 1504 1096 instituto
1540 1045 1738 1095 itinere
1782 1044 1976 1095 severi-

239 1146 412 1188 tatem
442 1137 896 1204 diligentiamque
926 1137 1087 1188 sociis
1119 1144 1172 1187 et
1202 1137 1279 1186 rei
1308 1154 1356 1202 p.
1391 1142 1625 1202 praesta.

712 1366 1055 1417 XXXVIII.
1117 1367 1288 1434 (Fam.
1332 1379 1411 1432 15.
1443 1368 1518 1434 6.)

667 1511 726 1548 M.
770 1511 997 1549 CICERO
1041 1511 1082 1549 S.
1125 1512 1177 1549 D.
1222 1512 1279 1549 M.
1322 1511 1571 1550 CATONI.

323 1631 334 1652 ‘
356 1623 563 1672 Laetus
594 1639 715 1672 sum
757 1622 965 1672 laudari
994 1621 1115 1683 me,'
1149 1622 1326 1689 inquit
1359 1623 1588 1684 Hector,
1612 1623 1805 1689 opinor
1833 1623 1977 1689 apud

245 1712 531 1773 Naevium,
570 1722 696 1778 ‘aps
739 1720 809 1773 te,
842 1720 1010 1778 pater,
1046 1730 1076 1763 a
1118 1713 1338 1763 laudato
1377 1712 1556 1776 viro';
1598 1729 1662 1764 ea
1703 1721 1786 1763 est
1831 1713 1975 1764 enim

243 1802 492 1868 profecto
523 1802 761 1853 iucunda
797 1803 915 1853 laus
946 1820 1085 1869 quae
1127 1804 1194 1853 ab
1234 1785 1299 1854 iis
1343 1803 1711 1870 proficiscitur
1739 1803 1832 1870 qui
1874 1802 1978 1869 ipsi

244 1893 298 1943 in
327 1893 487 1943 laude
515 1892 786 1943 vixerunt.
861 1894 981 1959 Ego
1004 1910 1134 1943 vero
1157 1893 1242 1943 vel
1273 1894 1641 1960 gratulatione
1669 1893 1976 1943 litterarum

244 1991 462 2033 tuarum
493 1983 578 2032 vel
609 1983 943 2033 testimoniis
974 1983 1287 2034 sententiae
1316 1983 1497 2035 dictae
1527 1983 1662 2034 nihil
1705 1991 1790 2034 est
1832 1984 1978 2050 quod

244 2089 332 2124 me
374 2090 484 2123 non
529 2073 853 2123 adsecutum
900 2081 1105 2139 putem,
1153 2074 1317 2140 idque
1371 2074 1506 2124 mihi
1549 2091 1671 2125 cum
1715 2073 1979 2140 amplissi-
2028 2107 2031 2110 -

245 2181 410 2224 mum,
461 2171 579 2213 tum
628 2163 1002 2228 gratissimum
1053 2171 1153 2224 est,
1199 2172 1255 2214 te
1303 2164 1539 2214 libenter
1579 2163 1851 2215 amicitiae
1892 2164 1980 2214 de-

245 2253 392 2303 disse
434 2253 579 2319 quod
634 2253 840 2319 liquido
883 2253 1105 2307 veritati
1160 2255 1333 2305 dares,
1434 2255 1505 2304 Et
1563 2254 1607 2304 si
1661 2271 1769 2304 non
1816 2254 1978 2304 modo

246 2359 453 2404 omneS,
499 2359 687 2393 verum
732 2343 895 2394 etiam
940 2344 1100 2394 multi
1145 2344 1386 2395 Catones
1429 2352 1617 2395 essent
1661 2344 1715 2394 in
1759 2343 1980 2395 civitate

247 2441 450 2494 nostra,
484 2433 538 2483 in
569 2450 675 2499 qua
708 2451 879 2484 unum
925 2434 1207 2485 exstitisse
1250 2434 1495 2485 mirabile
1538 2442 1638 2494 est,
1671 2450 1833 2500 quern
1877 2450 1980 2500 ego

248 2540 466 2574 currum
522 2531 614 2573 aut
657 2541 820 2590 quam
877 2524 1116 2575 lauream
1173 2542 1297 2576 cum
1346 2533 1442 2575 tua
1496 2523 1810 2574 laudatione
1859 2540 1981 2574 con-

305 2660 339 2699 3.
364 2655 527 2687 contra
546 2650 946 2689 consuetudinem
971 2663 1071 2689 me-

248 2715 354 2742 am:
387 2712 584 2757 contrary
616 2712 660 2742 to
694 2705 758 2743 his
790 2706 906 2743 habit
939 2718 985 2744 as
1018 2719 1070 2743 an

1159 2651 1400 2688 XXXVII.
1417 2649 1573 2688 introd.
1590 2656 1703 2688 note.
1716 2673 1769 2677 —
1783 2649 1978 2695 Hector,

1158 2706 1338 2756 opinor,
1357 2712 1454 2744 etc:
1473 2705 1525 2743 cf.
1548 2706 1624 2755 Ep.
1643 2705 1814 2742 XVIII.
1834 2715 1853 2752 7
1874 2717 1913 2741 n.
1927 2725 1982 2730 —

247 2759 495 2804 individual,
538 2760 621 2798 and
667 2767 710 2798 to
758 2761 829 2799 the
876 2761 1073 2810 teaching

249 2814 296 2880 of
336 2814 411 2877 ,his
459 2815 629 2853 fellow-
646 2816 949 2866 philosophers
1000 2817 1072 2854 the

252 2871 571 2963 bt(iiiixvnr.
605 2927 777 2971 Tarsus,
797 2927 905 2978 July,
926 2937 972 2977 50
992 2936 1072 2963 m.

252 2980 440 3018 Cicero’s
463 2982 579 3032 reply
597 2988 640 3019 to
666 2983 741 3031 Ep.
768 2982 1006 3020 XXXVII.

311 3046 341 3071 1.
365 3035 519 3074 laetus
544 3048 669 3074 sum:
691 3037 759 3074 for
778 3037 966 3075 Cicero’s
988 3036 1073 3074 real

251 3090 427 3140 opinion
460 3091 506 3128 of
536 3091 683 3129 Cato’s
715 3103 878 3137 course,
911 3091 962 3129 cf.
996 3092 1074 3142 Ep.

1159 2773 1245 2811 aps
1261 2768 1324 2799 te:
1342 2761 1506 2799 archaic
1521 2760 1590 2798 for
1604 2761 1674 2797 abs
1687 2765 1723 2797 te
1736 2761 1838 2811 (za
1852 2759 1981 2809 te).—

1161 2817 1429 2854 sententiae
1454 2816 1632 2853 dictae:
1658 2829 1709 2853 sc.
1733 2815 1775 2852 in
1798 2814 1869 2852 the
1891 2826 1981 2852 sen-

1161 2878 1365 2909 ate—te
1391 2900 1399 2909 .
1426 2901 1434 2909 .
1460 2900 1469 2909 .
1493 2871 1705 2909 dedisse:
1730 2870 1881 2908 Cicero
1897 2881 1980 2906 was

1160 2926 1355 2976 gratified
1383 2927 1474 2964 that
1505 2926 1653 2963 Cato's
1684 2930 1914 2963 statement
1937 2922 1982 2960 of

1162 2982 1234 3019 the
1256 2995 1352 3020 case
1369 2982 1410 3018 in
1432 2982 1502 3019 the
1520 2987 1666 3018 senate
1685 2992 1769 3018 was
1786 2979 1857 3017 the
1877 2978 1981 3016 free-

1161 3037 1242 3073 will
1259 3037 1440 3086 offering
1452 3036 1498 3073 of
1514 3049 1537 3073 a
1551 3034 1978 3084 friend—currum,

1161 3091 1402 3130 lauream:
1435 3091 1555 3129 these
1584 3103 1690 3128 were
1721 3101 1879 3139 among
1909 3088 1982 3126 the
