2067 3332
75 143 195 181 Fam.
217 140 254 181 6.
277 140 336 193 6.]
636 140 914 181 CICERO’S
959 143 1248 182 LETTERS.
1744 145 1823 184 203

75 281 383 333 sollistimis
413 288 506 332 aut
532 280 761 332 soniviis
785 281 886 332 tibi
916 298 1172 348 auguror,
1201 283 1298 333 sed
1328 283 1506 334 habeo
1530 283 1636 334 alia
1665 284 1824 351 signa

73 388 214 439 quae
244 372 562 434 observem;
601 356 742 438 quae
773 371 880 422 etsi
911 389 1021 422 non
1054 380 1183 422 sunt
1215 373 1452 424 certiora
1480 373 1606 435 illis,
1639 374 1822 425 minus

72 470 260 513 tamen
316 462 525 513 habent
568 461 654 512 vel
697 461 1058 513 obscuritatis
1099 462 1187 513 vel
1233 463 1449 514 erroris.
1538 464 1824 515 Notantur
1853 479 1877 518 8

72 560 259 604 autem
303 552 439 603 mihi
481 553 550 603 ad
593 551 953 602 divinandum
998 552 1158 619 signa
1199 553 1407 619 duplici
1451 554 1686 621 quadam
1716 555 1818 617 via,

71 660 301 710 quarum
333 642 564 693 alteram
595 642 738 694 duco
768 659 798 693 e
829 641 1069 694 Caesare
1099 643 1236 709 ipso,
1269 643 1498 694 alteram
1543 661 1573 695 e
1613 652 1825 712 tempo-

72 751 193 784 rum
237 733 483 785 civilium
527 741 725 784 natura
767 740 934 800 atque
976 733 1206 785 ratione.
1293 734 1358 784 In
1405 734 1644 786 Caesare
1686 735 1824 787 haec

71 831 200 875 sunt
225 842 235 876 :
278 823 428 874 mitis
458 823 816 890 clemensque
846 831 1059 885 natura,
1093 824 1271 891 qualis
1312 824 1642 892 exprimitur
1672 843 1824 893 prae-

73 915 219 966 claro
263 914 355 965 illo
400 914 541 965 libro
586 913 1017 981 ‘Querelarum’
1062 922 1302 967 tuarum.
1388 914 1630 966 Accedit
1675 918 1823 984 quod

70 1005 301 1056 mirifice
331 1004 573 1072 ingeniis
605 1005 1026 1067 excellentibus,
1059 1005 1221 1073 quale
1251 1013 1338 1057 est
1377 1013 1553 1068 tuum,
1587 1006 1822 1059 delecta-

71 1104 178 1149 tur.
264 1096 557 1147 Praeterea
586 1095 733 1147 cedit
764 1096 1065 1147 multorum
1106 1096 1269 1147 iustis
1314 1104 1369 1147 et
1413 1096 1594 1148 officio
1638 1097 1823 1150 incen-

72 1187 164 1248 sis,
211 1203 323 1237 non
366 1186 627 1237 inanibus
670 1195 764 1237 aut
808 1186 1120 1238 ambitiosis
1162 1187 1566 1248 voluntatibus,
1614 1188 1670 1239 in
1713 1207 1820 1256 quo

67 1277 431 1329 vehementer
479 1294 606 1328 eum
657 1278 1017 1329 consentiens
1068 1278 1294 1329 Etruria
1341 1279 1604 1331 movebit.
1707 1280 1822 1332 Cur
1851 1301 1877 1342 9

68 1369 205 1420 haec
235 1368 406 1436 igitur
434 1369 614 1420 adhuc
644 1386 839 1435 parurn
868 1369 1268 1435 profecerunt?
1341 1369 1490 1436 Quia
1518 1387 1629 1420 non
1659 1378 1819 1437 putat

69 1476 128 1510 se
158 1459 438 1510 sustinere
469 1476 666 1510 causas
696 1476 862 1525 posse
892 1459 1212 1521 multorum,
1245 1459 1292 1511 si
1334 1459 1452 1521 tibi,
1488 1461 1577 1511 cui
1618 1461 1818 1513 iustius

67 1550 288 1601 videtur
335 1549 498 1602 irasci
545 1567 727 1617 posse,
777 1550 1136 1602 concesserit.
1231 1550 1425 1618 ‘Quae
1475 1559 1559 1602 est
1610 1551 1814 1618 igitur,'

67 1641 301 1709 inquieS,
338 1651 498 1708 ‘spes
528 1641 596 1692 ab
627 1639 835 1692 irato?'
922 1641 1137 1692 Eodem
1180 1641 1339 1692 fonte
1382 1659 1442 1692 se
1486 1642 1816 1694 hausturum

67 1732 357 1800 intelleget
424 1732 616 1783 laudes
685 1749 813 1784 suas
870 1749 900 1784 e
955 1750 1065 1800 quo
1122 1732 1193 1783 sit
1248 1732 1447 1783 leviter
1499 1733 1813 1800 adspersus

67 1824 355 1875 Postremo
383 1824 550 1874 homo
578 1823 737 1874 valde
767 1830 853 1874 est
883 1830 1079 1875 acutus
1117 1830 1171 1874 et
1214 1823 1450 1874 multum
1494 1824 1817 1890 providens:

65 1914 343 1982 intellegit
388 1922 460 1976 te,
506 1914 792 1965 hominem
846 1913 904 1965 in
952 1922 1109 1981 parte
1167 1914 1364 1965 Italiae
1412 1914 1641 1965 minime
1691 1932 1815 1966 con-

64 2006 369 2057 temnenda
396 2005 561 2057 facile
590 2005 840 2056 omnium
883 2004 1295 2056 nobilissimum
1336 2013 1390 2056 et
1434 2005 1488 2055 in
1533 2006 1815 2057 communi

67 2113 125 2147 re
173 2114 223 2164 p.
273 2096 448 2148 cuivis
498 2113 841 2147 summorum
891 2103 1021 2147 tuae
1069 2096 1271 2146 aetatis
1318 2095 1404 2147 vel
1454 2096 1682 2162 ingenio
1727 2096 1813 2147 vel

986 2226 1227 2267 Billerbeck
1267 2229 1472 2268 surmises
1518 2227 1611 2267 that
1654 2228 1688 2266 it
1728 2241 1814 2267 was

984 2284 1146 2323 similar
1194 2291 1240 2323 to
1292 2283 1442 2323 Ovid's
1501 2285 1672 2322 Tristia.
1743 2284 1812 2323 On

986 2340 1185 2379 Caesar's
1215 2340 1445 2392 clemency,
1478 2339 1531 2378 cf.
1577 2340 1693 2378 Suet.
1726 2340 1811 2378 lul.

69 2229 185 2269 Serv.
222 2242 279 2268 on
314 2229 444 2280 Verg.
481 2230 587 2268 Aen.
618 2241 654 2281 3.
692 2227 784 2281 361.
845 2229 897 2267 In

67 2285 219 2336 taking
268 2285 342 2324 the
392 2285 600 2335 auspices,
642 2285 715 2324 the
761 2297 898 2335 augur

66 2341 193 2380 faced
229 2341 373 2387 south,
415 2340 501 2379 and
540 2340 614 2379 the
646 2347 752 2387 east,
783 2340 896 2378 from

67 2397 204 2436 which
264 2396 486 2435 favorable
550 2409 702 2435 omens
760 2408 893 2442 came,

66 2452 210 2491 would
237 2452 290 2492 be
322 2459 366 2491 to
398 2452 465 2491 his
495 2452 575 2491 left
600 2452 896 2503 (sinistra).—

67 2508 279 2548 involatu
298 2523 306 2546 ε
328 2508 382 2547 cf.
406 2509 603 2552 invitatu,
625 2508 701 2558 Ep.
723 2508 850 2546 XXI.
871 2518 892 2545 2

66 2577 106 2601 n.
121 2564 237 2602 —in
255 2570 420 2603 nostra
438 2564 691 2615 disciplina
709 2577 716 2600 :
740 2564 893 2602 Cicero

64 2618 241 2658 became
262 2632 315 2658 an
338 2632 475 2669 augur
495 2619 537 2657 in
564 2630 611 2671 53
636 2629 716 2657 B.C.
734 2643 789 2647 —
804 2630 893 2658 nec

66 2705 75 2714 .
99 2704 109 2714 .
129 2705 138 2714 .
155 2675 373 2714 soniviis:
391 2675 424 2713 if
439 2675 511 2713 the
526 2674 676 2713 sacred
690 2674 893 2714 chickens

66 2737 135 2769 ate
167 2732 239 2770 the
275 2731 397 2782 pulse
438 2743 487 2769 so
529 2730 695 2782 rapidly
735 2731 830 2769 that
870 2743 895 2768 a

65 2793 160 2837 part
191 2787 237 2824 of
267 2787 299 2824 it
329 2786 403 2824 fell
432 2793 477 2824 to
511 2786 584 2825 the
615 2785 796 2837 ground,
821 2786 894 2824 the

65 2843 261 2893 auspices
293 2855 400 2880 were
436 2841 670 2880 favorable.

120 2897 158 2936 8.
179 2897 511 2949 Querelarum:
529 2897 752 2936 Caecina's
770 2898 896 2936 Liber

69 2953 347 3001 Querelarum
373 2965 457 2991 was
486 2952 703 3005 evidently
725 2966 749 2991 a
776 2952 894 2992 book

66 3009 423 3060 complimentary
464 3015 508 3046 to
560 3009 733 3055 Caesar,
757 3008 894 3047 which

66 3063 255 3104 Caecina
302 3071 434 3103 wrote
489 3064 613 3103 while
671 3065 713 3102 in
773 3065 894 3103 exile.

985 2406 1036 2448 75
1078 2395 1163 2434 and
1206 2395 1405 2435 Caesar’s
1447 2408 1540 2433 own
1583 2394 1725 2433 words
1766 2401 1812 2433 to

984 2451 1137 2490 Cicero
1173 2451 1275 2501 (Att.
1299 2463 1336 2502 9.
1365 2450 1425 2489 16.
1451 2451 1520 2502 2):
1553 2456 1656 2489 recte
1685 2463 1813 2502 augu-

982 2509 1099 2545 raris
1120 2508 1168 2545 de
1190 2520 1319 2545 me—
1333 2508 1429 2545 bene
1448 2508 1560 2544 enim
1585 2507 1663 2544 tibi
1678 2508 1812 2556 cogni-

981 2568 1048 2600 tus
1063 2577 1154 2601 sum
1171 2586 1224 2590 —
1242 2563 1357 2600 nihil
1368 2577 1393 2601 a
1412 2576 1476 2600 me
1491 2562 1625 2599 abesse
1644 2563 1813 2611 longius

980 2620 1234 2657 crudelitate.
1246 2642 1301 2646 —
1316 2617 1625 2656 consentiens
1669 2618 1812 2657 Etru-

981 2674 1078 2712 ria:
1117 2675 1299 2720 Etruria,
1334 2687 1380 2712 as
1414 2673 1637 2712 Caecina's
1667 2673 1811 2712 native

980 2731 1195 2780 province,
1231 2729 1375 2768 would
1407 2729 1533 2767 favor
1568 2729 1634 2768 his
1670 2729 1809 2767 recall.
1883 2751 1893 2761 -

1036 2797 1073 2836 9
1106 2785 1274 2824 leviter
1310 2786 1591 2835 adspersus:
1630 2784 1674 2822 in
1707 2784 1811 2823 Cae-

980 2841 1090 2880 cina'
1093 2855 1113 2880 5
1129 2841 1220 2879 first
1243 2841 1435 2891 political
1458 2840 1694 2890 pamphlet.
1742 2839 1809 2878 Cf.

980 2896 1136 2936 introd.
1169 2903 1285 2935 note.
1346 2897 1412 2934 To
1444 2908 1685 2946 encourage
1708 2895 1812 2934 Cae-

982 2953 1089 2999 cina,
1123 2952 1276 2991 Cicero
1312 2951 1551 2990 minimizes
1591 2951 1664 2990 the
1704 2951 1812 2989 viru·

981 3009 1101 3047 lence
1152 3008 1198 3046 of
1243 3007 1308 3045 his
1349 3006 1496 3045 attack
1538 3019 1595 3045 on
1636 3007 1810 3045 Caesar.

984 3063 1219 3103 Suetonius
1239 3063 1343 3114 (lul.
1363 3062 1446 3115 75),
1466 3062 1678 3109 however,
1697 3062 1812 3101 char-
