2067 3332
663 175 942 216 CICERO'S
986 177 1276 218 LETTERS.
1765 178 1843 220 265

94 179 214 220 Fam.
241 190 255 217 1
269 189 302 218 1.
327 177 411 230 27.]

94 336 183 371 sar
236 324 386 369 esset
435 316 493 368 in
543 315 766 379 Gallia;
815 317 964 384 quod
1006 316 1155 368 enim
1197 325 1488 369 vementer
1529 317 1666 369 mihi
1707 318 1843 370 utile

92 425 216 462 esse
250 408 487 476 putabas
522 424 626 460 nec
667 408 865 461 inutile
905 407 1012 475 ipsi
1053 408 1294 470 Caesari,
1330 408 1617 476 perfecisti
1657 417 1717 460 ut
1753 409 1844 462 ille

93 517 182 553 me
211 499 484 567 diligeret,
518 485 740 561 coleret,
774 499 1005 551 haberet
1035 498 1090 550 in
1127 499 1259 552 suis,
1346 499 1528 551 Multa
1556 508 1843 568 praetereo

91 608 233 660 quae
281 590 626 658 temporibus
677 590 784 643 illis
809 581 981 641 ‘inter
1029 607 1131 642 nos
1186 590 1620 642 familiarissime
1674 592 1874 653 dicta„

92 682 316 750 scripta,
368 681 780 734 communicata
827 688 991 744 sunt;
1036 680 1290 749 graviora
1342 681 1491 733 enim
1541 691 1844 734 consecuta

92 780 243 826 sunt.
328 774 402 825 Et
452 772 613 824 initio
667 772 800 825 belli
843 771 1020 825 civilis
1076 789 1200 824 cum
1247 772 1604 824 Brundisium
1647 790 1840 826 versus

91 864 200 916 ires
261 865 330 916 ad
393 863 706 927 Caesarem,
763 863 969 916 venisti
1037 864 1105 914 ad
1176 880 1264 915 me
1333 864 1389 914 in
1462 864 1837 917 Formianum.

23 996 26 999 »
93 955 336 1007 Primum
367 955 472 1008 hoc
502 955 683 1023 ipsum
713 955 923 1024 quanti,
956 954 1283 1022 praesertim
1319 955 1663 1022 temporibus
1694 955 1802 1007 illis
1829 957 1838 1007 !

91 1047 311 1099 Deinde
339 1046 575 1099 oblitum
614 1063 703 1098 me
741 1054 906 1114 putas
936 1045 1134 1098 consili
1163 1045 1436 1097 sermonis
1475 1046 1841 1098 humanitatis

90 1139 259 1189 tuae?
368 1137 589 1206 Quibus
645 1138 811 1189 rebus
867 1137 1143 1188 interesse
1202 1137 1432 1188 memini
1495 1137 1836 1189 Trebatium.

92 1229 212 1281 Nec
253 1246 385 1280 vero
428 1246 550 1280 sum
593 1229 802 1281 oblitus
844 1228 1155 1280 litterarum
1198 1236 1418 1285 tuarum
1461 1229 1709 1296 quas'ad
1752 1246 1841 1280 me

89 1319 307 1382 misisti,
376 1337 502 1372 cum
564 1319 793 1372 Caesari
857 1319 1074 1371 obviam
1139 1319 1392 1371 venisses
1448 1320 1504 1371 in
1569 1338 1720 1388 agrO,
1779 1328 1839 1371 ut

90 1411 343 1473 arbitror,
388 1411 724 1463 Trebulano
811 1410 1082 1463 Secutum
1126 1410 1261 1462 illud
1316 1419 1540 1478 tempus
1584 1420 1669 1462 est
1713 1429 1839 1463 cum

1873 791 1897 832 3

88 1519 176 1554 me
207 1503 276 1554 ad
307 1501 628 1570 Pompeium
659 1502 938 1570 proficisci
967 1502 1083 1553 sive
1112 1503 1289 1569 pudor
1319 1519 1476 1554 meus
1510 1502 1694 1570 coegit
1725 1503 1840 1554 sive
1882 1556 1891 1563 ,

88 1596 330 1649 officium
359 1596 475 1649 sive
503 1596 746 1648 fortuna.
835 1596 999 1664 Quod
1044 1595 1288 1648 officium
1331 1604 1505 1658 tuum,
1538 1598 1685 1664 quod
1728 1605 1839 1648 stu-

87 1688 240 1740 dium
268 1687 356 1740 vel
385 1688 442 1739 in
472 1688 762 1740 absentem
793 1704 882 1739 me
903 1687 990 1739 vel
1019 1687 1073 1738 in
1104 1687 1419 1754 praesentis
1450 1704 1602 1739 meos
1632 1688 1837 1739 defuit?

89 1779 274 1848 Quem
317 1796 480 1847 porro
523 1796 715 1831 omnes
758 1778 868 1831 mei
903 1786 958 1830 et
1001 1778 1137 1829 mihi
1175 1787 1231 1830 et
1275 1779 1381 1830 sibi
1423 1787 1480 1829 te
1521 1779 1836 1831 amiciorem

88 1870 514 1923 iudicaverunt?
595 1870 744 1922 Veni
780 1869 1166 1922 Brundisium:
1201 1869 1512 1921 oblitumne
1550 1887 1638 1921 me
1670 1879 1835 1937 putas

86 1979 195 2030 qua
248 1961 551 2024 celeritate,
599 1969 660 2013 ut
715 1961 955 2029 primum
1010 1961 1265 2022 audieris,
1324 1962 1392 2012 ad
1447 1978 1535 2012 me
1590 1962 1835 2013 Tarento

85 2053 374 2115 advolariS,
420 2070 563 2122 quae
603 2061 701 2105 tua
740 2053 909 2105 fuerit
952 2053 1200 2104 adsessio
1256 2053 1430 2104 oratio
1487 2053 1834 2104 confirmatio

1002 2171 1152 2224 family
1172 2172 1213 2210 in
1248 2172 1398 2211 Rome.
1418 2171 1594 2211 —veni
1628 2172 1834 2211 Brundi-

141 2184 177 2225 3.
214 2172 528 2213 Brundisium
559 2184 754 2212 versus:
785 2172 841 2212 cf.
862 2173 924 2211 ad

1005 2228 1156 2268 sium:
1180 2227 1292 2267 after
1312 2228 1386 2267 the
1413 2227 1548 2266 battle
1579 2227 1627 2266 of
1660 2228 1836 2267 Pharsa-

86 2230 211 2279 Alpis
231 2242 390 2274 versus,
414 2229 493 2280 Ep.
523 2229 738 2267 XLVIII.
764 2240 784 2267 2
807 2241 919 2267 n.—

84 2285 261 2324 venisti
285 2314 295 2323 .
320 2314 330 2323 .
355 2314 364 2323 .
388 2285 436 2323 in
474 2284 789 2324 Formianum
812 2299 821 2322 z
864 2299 916 2323 sc.

86 2341 193 2379 Mar.
221 2352 283 2392 19,
305 2351 358 2391 49
382 2350 481 2388 B.c.;
513 2339 567 2379 cf.
600 2342 686 2378 Att.
719 2351 757 2392 9.
793 2351 853 2379 11.
879 2352 915 2379 2.

86 2396 250 2436 Caesar
298 2395 473 2435 himself
521 2395 698 2435 entered
740 2396 917 2435 Brundi-

83 2452 196 2491 sium
231 2453 337 2491 Mar.
375 2451 719 2492 18.—consi1i:
753 2452 916 2492 Matius

84 2509 299 2561 earnestly
320 2507 489 2548 desired
520 2521 652 2559 peace
683 2507 769 2547 and
799 2508 917 2548 with-

84 2571 161 2603 out
202 2564 339 2603 doubt
380 2563 651 2615 encouraged
686 2564 839 2603 Cicero
872 2565 915 2602 in

84 2620 150 2659 his
173 2620 325 2659 efforts
347 2627 391 2658 at
413 2619 648 2659 mediation
669 2633 677 2668 3
701 2619 753 2659 cf.
773 2622 857 2658 Att.
877 2632 914 2671 c).

87 2687 102 2714 1
115 2687 147 2714 1.
166 2688 201 2714 2.
215 2676 546 2716 —Trebulano
565 2690 572 2713 :
596 2676 638 2714 in
654 2676 914 2727 Campania;

83 2732 159 2771 but
184 2732 375 2771 Cicero's
399 2744 590 2784 memory
606 2732 641 2771 is
664 2745 765 2784 very
785 2732 916 2784 likely

83 2795 125 2827 at
164 2788 289 2834 fault,
325 2801 372 2826 as
415 2788 468 2826 he
509 2787 719 2839 probably
753 2788 832 2827 has
871 2788 914 2826 in

84 2844 201 2882 mind
234 2844 307 2882 the
348 2856 569 2894 messages
602 2843 738 2882 which
773 2843 826 2882 he
858 2857 916 2882 re-

83 2899 230 2939 ceived
252 2899 366 2938 from
396 2900 557 2938 Matius
587 2899 702 2937 from
736 2899 915 2938 Mintur-

83 2968 164 2995 nae
185 2969 240 2995 on
268 2956 374 2994 Mar.
401 2967 479 3002 203
503 2955 556 2994 cf.
580 2956 665 2993 Att.
689 2967 725 3007 9.
754 2966 814 2993 12.
843 2967 874 2992 1.

139 3023 176 3060 4.
219 3013 371 3063 pudor
407 3023 546 3050 meus
571 3040 580 3049 .
606 3040 616 3049 .
643 3040 652 3049 .
678 3011 778 3049 sive
811 3011 913 3050 offi-

84 3067 211 3107 cium
235 3083 242 3105 :
279 3067 333 3106 cf.
366 3067 469 3105 Intr.
494 3079 546 3119 30
571 3067 689 3117 (end)
715 3066 800 3105 and
834 3067 912 3117 Ep.

85 3124 217 3163 LXV.
237 3123 610 3175 6.—praesentis
647 3134 808 3162 meos:
845 3123 912 3162 his

1002 2284 1083 2323 lus.
1145 2283 1213 2322 Cf.
1257 2284 1362 2322 Intr.
1401 2295 1464 2335 32.
1527 2284 1621 2322 The
1650 2283 1835 2336 friendly

1003 2340 1149 2379 offices
1194 2339 1241 2378 of
1280 2340 1353 2378 the
1394 2339 1629 2378 Caesarian
1672 2340 1834 2378 Matius

1003 2396 1047 2434 in
1066 2396 1150 2435 this
1168 2401 1362 2434 moment
1380 2395 1427 2433 of
1443 2395 1733 2446 helplessness
1749 2395 1834 2433 and

1002 2452 1237 2491 loneliness
1291 2450 1434 2490 would
1491 2451 1545 2490 be
1605 2451 1835 2503 especially

1002 2507 1465 2559 prized.-—adsessio,
1483 2513 1581 2546 etc.:
1604 2507 1677 2546 the
1694 2507 1831 2558 rapid-

1002 2565 1063 2616 ity
1098 2563 1145 2602 of
1180 2569 1428 2602 movement
1464 2563 1602 2601 Which
1638 2563 1834 2602 substan-

1003 2620 1111 2659 tives
1133 2619 1175 2657 in
1198 2621 1250 2657 -2'0
1279 2619 1380 2658 lend
1413 2625 1458 2657 to
1484 2631 1509 2656 a
1542 2619 1758 2658 narrative
1796 2619 1832 2658 is

1001 2675 1202 2714 nowhere
1224 2675 1365 2714 better
1388 2674 1631 2714 illustrated
1653 2675 1757 2713 than
1787 2674 1832 2713 in

1002 2731 1087 2770 this
1128 2744 1310 2782 passage
1340 2730 1408 2782 (cf.
1443 2731 1547 2768 Intr.
1579 2734 1664 2782 75).
1725 2730 1833 2770 This

1001 2787 1185 2839 rapidity
1221 2787 1268 2825 of
1307 2792 1557 2825 movement
1591 2786 1627 2825 is
1665 2785 1835 2825 further

1000 2842 1237 2894 hightened
1303 2842 1361 2895 by
1419 2842 1491 2880 the
1565 2841 1832 2894 asyndetical

1000 2905 1301 2949 arrangement
1331 2897 1378 2936 of
1407 2910 1537 2950 many
1559 2897 1607 2936 of
1637 2897 1710 2937 the
1740 2910 1833 2937 sen-

1001 2961 1147 2994 tences
1178 2953 1262 2993 and
1293 2954 1348 3006 by
1371 2954 1443 2992 the
1466 2966 1541 2992 use
1564 2953 1612 2992 of
1639 2960 1833 3005 paratae-

1000 3011 1099 3049 tical
1133 3011 1270 3049 forms
1297 3010 1345 3048 of
1372 3010 1649 3061 expression3
1681 3009 1761 3055 for,
1784 3023 1832 3050 as

1001 3066 1228 3105 Andresen
1249 3065 1455 3112 remarks,
1478 3066 1522 3104 in
1550 3066 1670 3105 three
1693 3065 1832 3105 differ-

999 3129 1073 3162 ent
1103 3122 1320 3162 instances
1348 3121 1390 3160 in
1414 3134 1437 3171 4
1460 3121 1545 3161 and
1574 3133 1594 3175 5
1617 3123 1829 3174 tempora]
