2067 3332
80 133 200 171 Fam.
223 145 259 180 4.
286 131 340 184 5-]
654 130 932 169 CICERo’s
976 131 1266 171 LETTERS.
1746 137 1827 178 227

81 289 142 323 ac
173 271 569 339 cogitationem
601 278 752 321 tuam
782 287 951 321 avoca
973 279 1140 337 atque
1163 288 1228 322 ea
1256 273 1441 339 potius
1471 274 1827 328 reminiscere

80 379 220 430 quae
263 361 432 429 digna
473 369 569 412 tua
610 378 849 428 persona
890 370 1054 412 sunt:
1097 362 1243 413 illam
1290 365 1551 430 quamdiu
1594 366 1645 417 ei
1687 383 1825 434 opus

79 453 245 504 fuerit
294 452 512 513 vixisse,
558 469 669 503 una
713 468 839 502 cum
889 468 946 502 re
995 452 1216 519 publica
1261 453 1456 516 fuisse,
1501 463 1558 507 te
1611 464 1826 523 patrem

80 561 240 594 suum
284 550 598 610 praetorem
642 542 931 593 consulem
961 559 1229 609 augurem
1259 544 1475 606 vidisse,
1507 547 1826 599 adulescen-

78 634 226 685 tibus
271 633 542 700 primariis
591 640 820 700 nuptam
873 633 1065 694 fuisse,
1120 634 1380 686 omnibus
1434 636 1594 689 bonis
1656 656 1826 706 prope

78 724 430 792 perfunctam
473 740 640 786 esse;
685 741 811 775 curn
854 740 942 774 res
986 724 1206 790 publica
1247 726 1540 789 occideret,
1585 728 1700 780 vita
1741 746 1827 780 ex-

79 815 331 867 cessisse.
417 814 566 882 Quid
609 822 695 886 est
725 815 873 881 quod
915 822 976 865 tu
1019 822 1113 865 aut
1157 815 1249 866 illa
1291 833 1414 867 cum
1456 817 1681 870 fortuna
1723 820 1825 871 hoc

78 905 303 957 nomine
333 904 489 973 queri
518 905 785 972 possitis?
869 905 1128 972 Denique
1158 906 1271 956 noli
1300 914 1355 957 te
1385 908 1637 960 oblivisci
1676 909 1827 961 Cice-

78 1013 270 1048 ronem
320 1013 444 1048 esse
489 1003 544 1048 et
588 1013 714 1047 eum
756 996 850 1063 qui
897 996 1018 1047 aliis
1068 997 1355 1048 consueris
1403 999 1722 1066 praecipere
1771 1010 1825 1051 et

77 1088 207 1139 dare
256 1087 566 1149 consilium,
619 1103 801 1154 neque
854 1086 1057 1138 imitari
1110 1087 1284 1139 malos
1332 1089 1577 1141 medicos
1629 1091 1723 1158 qui
1770 1092 1825 1142 in

76 1178 270 1230 alienis
319 1178 525 1229 morbis
576 1177 911 1244 profitentur
958 1185 1153 1229 tenere
1198 1196 1257 1230 se
1303 1179 1609 1232 medicinae
1651 1182 1826 1233 scien-

77 1269 226 1331 tiam,
259 1268 365 1336 ipsi
395 1285 455 1319 se
484 1285 677 1320 curare
706 1285 818 1319 non
860 1277 1114 1335 possunt,
1149 1270 1245 1320 sed
1289 1271 1489 1336 potius,
1523 1289 1663 1339 quae
1704 1273 1825 1325 aliis

76 1367 200 1411 tute
248 1359 567 1427 praecipere
611 1358 773 1420 soles,
820 1376 885 1410 ea
925 1367 1048 1410 tute
1092 1360 1193 1411 tibi
1236 1361 1427 1413 subice
1469 1369 1638 1430 atque
1679 1365 1826 1430 apud

76 1450 320 1503 animum
356 1467 616 1518 propone.
704 1450 907 1548 Nulluxs
936 1451 1092 1501 dolor
1135 1459 1219 1502 est
1250 1469 1415 1519 quern
1458 1470 1570 1504 non
1613 1453 1826 1521 longin-

76 1541 259 1610 quitas
286 1541 555 1608 temporis
587 1541 799 1592 minuat
829 1558 892 1593 ac
921 1541 1149 1594 molliat.
1237 1542 1363 1594 Hoc
1405 1550 1462 1594 te
1504 1552 1827 1611 exspectare

76 1640 298 1700 tempus
342 1632 444 1683 tibi
488 1639 652 1698 turpe
689 1639 775 1683 est
821 1649 884 1683 ac
930 1649 1042 1683 non
1091 1632 1141 1682 ei
1186 1632 1266 1683 rei
1311 1633 1584 1700 sapientia
1627 1642 1724 1685 tua
1768 1643 1825 1686 te

76 1740 382 1775 occurrere.
470 1723 636 1793 Quod
679 1723 726 1774 si
767 1723 862 1790 qui
905 1723 1070 1774 etiam
1115 1723 1307 1775 inferis
1351 1741 1549 1776 sensus
1593 1733 1694 1787 est,
1733 1727 1827 1793 qui

75 1814 221 1865 illius
251 1814 307 1865 in
337 1822 394 1865 te
422 1831 575 1865 amor
603 1813 710 1864 fuit
741 1813 1034 1881 pietasque
1064 1814 1119 1864 in
1150 1814 1329 1866 omnis
1360 1832 1505 1876 suos,
1538 1815 1643 1867 hoc
1672 1825 1824 1868 certe

75 1905 165 1956 illa
194 1913 251 1956 te
280 1905 466 1956 facere
496 1921 606 1956 non
637 1904 770 1956 vult.
858 1905 947 1956 Da
974 1905 1079 1956 hoc
1111 1905 1187 1956 1111
1220 1914 1487 1968 mortuae,
1520 1908 1589 1959 da
1621 1908 1823 1959 ceteris

75 1995 266 2047 amicis
321 2013 384 2047 ac
450 1995 814 2047 familiaribus
869 1995 963 2063 qui
1019 2003 1115 2047 tuo
1176 1996 1366 2048 dolore
1433 2007 1697 2060 maerent,
1756 2000 1824 2050 da

74 2085 300 2154 patriae,
333 2094 410 2147 ut,
444 2086 489 2137 si
517 2104 624 2154 qua
661 2087 716 2137 in
757 2103 815 2137 re
846 2104 982 2154 opus
1026 2087 1113 2148 sit,
1147 2104 1314 2154 opera
1355 2095 1411 2138 et
1454 2089 1682 2140 consiiio
1724 2097 1822 2140 tuo

75 2177 158 2228 uti
213 2177 406 2244 possit.
507 2177 780 2245 Denique,
828 2177 1088 2245 quoniam
1137 2177 1194 2228 in
1244 2195 1364 2229 eam
1409 2179 1690 2230 fortunam
1734 2181 1822 2230 de-

74 2267 328 2319 venimus
361 2275 431 2318 .ut
475 2267 641 2319 etiarn
685 2267 813 2320 huic
857 2268 936 2319 rei
978 2269 1138 2319 nobis
1182 2269 1535 2320 serviendum
1578 2269 1666 2329 sit,
1709 2270 1823 2321 noli

136 2397 168 2439 5.
201 2397 407 2437 persona
428 2401 436 2424 ε
487 2385 539 2425 cf.
581 2392 779 2436 persona,
823 2386 902 2437 Ep.

77 2441 213 2480 LXV.
234 2453 281 2481 10
292 2441 793 2482 n.—adu1escentibus
808 2443 904 2494 pri-

76 2498 262 2537 mariis:
285 2497 337 2537 cf.
352 2499 611 2537 adulescente
622 2500 852 2548 primario,
868 2510 903 2550 3.

74 2554 419 2605 —praecipere
438 2560 484 2593 et
499 2554 611 2592 dare
631 2555 903 2593 consilium:

74 2607 127 2648 cf.
136 2611 330 2661 graviter
343 2611 596 2661 molesteque,
612 2621 712 2648 1.—
722 2622 877 2661 neque
895 2625 903 2648 :

75 2664 148 2704 the
169 2665 368 2716 negative
389 2665 487 2704 idea
507 2665 554 2704 of
579 2665 651 2704 the
674 2665 905 2716 preceding

74 2721 171 2760 noli
203 2721 282 2760 has
322 2720 479 2760 turned
512 2721 585 2760 the
621 2721 903 2772 conjunction

74 2776 166 2815 into
180 2790 206 2815 a
218 2776 435 2828 negative;
453 2777 506 2815 cs.
525 2777 633 2816 Hor.
650 2778 724 2816 Od.
740 2789 774 2815 2.
791 2789 805 2815 1
817 2789 851 2815 2.
867 2789 902 2815 2.

74 2855 130 2861 —
150 2833 303 2872 malos
360 2833 590 2881 medicos,
643 2839 744 2872 tute
795 2833 902 2871 tibi:

74 2887 129 2927 cf.
173 2889 276 2928 Intr.
329 2900 395 2940 93.
477 2889 651 2928 Servius
693 2901 790 2927 uses
831 2888 904 2926 the

75 2944 383 2996 strengthened
423 2943 560 2983 forms
591 2950 676 2982 tute
707 2943 792 2982 and
821 2957 904 2994 egro-

75 3006 170 3045 met,
193 3012 229 3048 4.

131 3055 167 3094 6.
201 3056 384 3094 minuat
435 3067 490 3093 ac
536 3055 732 3101 molliat,
782 3061 905 3093 tem-

993 2398 1084 2437 pus
1137 2386 1222 2425 tibi
1269 2393 1406 2437 turpe
1427 2400 1435 2423 z
1486 2387 1823 2426 alliterative.—

992 2443 1084 2481 hoc
1108 2471 1117 2480 .
1143 2471 1153 2480 .
1178 2471 1188 2480 .
1214 2448 1316 2480 est:
1350 2442 1422 2481 the
1448 2454 1522 2480 use
1543 2442 1591 2480 of
1620 2443 1704 2482 tibi
1736 2443 1821 2481 and

992 2504 1038 2537 te
1081 2498 1124 2536 in
1157 2497 1230 2536 the
1261 2510 1380 2536 same
1416 2498 1561 2536 clause
1590 2498 1626 2536 is
1659 2499 1822 2537 unclas-

991 2554 1107 2592 sical.
1175 2553 1224 2591 In
1267 2553 1334 2592 his
1375 2566 1451 2592 use
1493 2553 1542 2592 of
1589 2553 1662 2592 the
1701 2567 1820 2593 same

990 2609 1163 2660 phrase,
1188 2611 1309 2647 Fam.
1327 2620 1365 2657 4.
1393 2607 1430 2648 6.
1458 2620 1491 2654 1,
1515 2609 1669 2647 Cicero
1691 2610 1820 2649 omits

992 2665 1065 2704 the
1087 2664 1242 2704 dative.
1257 2689 1312 2693 -—
1328 2664 1393 2702 illi
1416 2671 1634 2704 mortuae
1655 2680 1663 2704 :
1695 2678 1720 2703 a
1739 2665 1821 2704 fair

990 2720 1186 2760 instance
1209 2720 1256 2759 of
1282 2720 1354 2759 the
1379 2733 1452 2758 use
1475 2720 1522 2758 of
1552 2720 1624 2758 the
1647 2719 1820 2759 demon-

990 2777 1167 2815 strative
1184 2789 1231 2815 as
1249 2776 1494 2827 equivalent
1512 2782 1556 2814 to
1580 2775 1653 2814 the
1676 2776 1819 2815 Greek

991 2832 1149 2870 article.
1211 2831 1278 2870 Cf.
1311 2833 1427 2869 Tusc.
1446 2832 1570 2881 Dz'sp.
1590 2842 1622 2883 5.
1642 2830 1692 2880 78
1715 2845 1820 2883 quae

990 2894 1051 2926 est
1073 2889 1242 2932 victrix,
1264 2901 1309 2925 ea
1340 2888 1447 2924 laeta
1470 2888 1820 2939 prosequentibus

991 2945 1079 2981 suis
1101 2957 1187 2981 una
1209 2957 1300 2981 cum
1325 2944 1416 2980 viro
1436 2944 1482 2979 in
1511 2956 1658 2993 rqgrum
1693 2944 1819 2993 impo-

994 3001 1125 3043 nitur,
1167 2999 1244 3036 illa
1285 2999 1393 3037 victa
1443 3004 1598 3037 maesta
1648 2999 1821 3038 discedit

995 3053 1531 3104 (XVatson).—denique,
1551 3061 1653 3092 etc.:
1676 3053 1815 3093 added

1857 1467 1884 1507 6
