2067 3332
224 167 275 208 54
789 169 1066 208 CICERO'S
1110 170 1398 209 LETTERS.
1730 170 1829 222 [Ep.
1853 172 1958 210 XII.

224 307 327 358 sim
371 307 627 359 adflictus
671 316 731 358 ut
774 325 938 359 nemo
983 326 1258 375 umquam,
1293 310 1437 376 quod
1479 316 1601 360 tute
1640 309 1959 377 intellegis?

226 397 394 464 Spem
426 398 673 449 ostendis
705 399 1011 449 secundum
1043 399 1280 450 comitia.
1342 399 1499 466 Quae
1523 399 1629 450 ista
1652 407 1737 450 est
1767 401 1960 451 eodem

223 487 447 538 tribuno
478 488 545 554 pl.
582 496 636 538 et
680 488 904 539 inimico
948 489 1174 539 consule
1217 489 1548 555 designato?
1633 490 1961 541 Percussisti

222 585 408 628 autem
452 595 540 628 me
583 578 750 628 etiam
790 579 857 628 de
900 578 1150 629 oratione
1190 579 1418 645 prolata.
1504 579 1608 630 Cui
1636 579 1866 640 vulneri,
1900 587 1960 630 ut

223 668 434 728 scribiS,
477 669 715 729 medere,
756 668 801 718 si
843 668 973 734 quid
1015 676 1191 734 potes
1280 669 1489 735 Scripsi
1533 669 1787 735 equidem
1830 670 1959 720 olim

223 757 273 806 ei
302 757 475 808 iratus
499 758 643 824 quod
673 757 763 807 ille
794 758 940 824 prior
964 758 1276 824 scripserat,
1301 759 1397 809 sed
1426 759 1503 809 ita
1525 776 1959 825 compresseram

223 854 281 897 ut
307 864 605 913 numquam
632 856 1010 898 emanaturam
1041 856 1309 914 putarem.
1371 849 1665 914 Quomodo
1696 849 1959 899 exciderit

222 937 436 999 nesci03
475 938 573 987 sed
603 937 730 1003 quia
759 955 1057 1003 numquam
1088 937 1287 988 accidit
1319 946 1378 988 ut
1411 956 1533 989 cum
1566 955 1630 988 eo
1653 939 1821 989 verbo
1852 956 1959 989 uno

223 1035 616 1088 concertarem,
652 1036 705 1077 et
737 1027 864 1094 quia
902 1027 1108 1093 scripta
1149 1028 1284 1077 mihi
1312 1028 1530 1079 videtur
1571 1028 1960 1095 neglegentius

222 1134 384 1183 quam
416 1125 649 1178 ceterae,
683 1125 817 1183 puto
860 1134 1025 1183 posse
1055 1117 1275 1183 probari
1305 1135 1416 1168 non
1447 1135 1569 1169 esse
1598 1135 1791 1169 meam.
1878 1119 1956 1180 Id,

223 1206 268 1256 si
297 1214 459 1273 putas
489 1224 577 1258 me
611 1223 775 1273 posse
816 1207 1013 1268 sanari,
1049 1224 1207 1258 cures
1238 1207 1429 1270 velim;
1473 1208 1558 1259 sin
1603 1208 1763 1275 plane
1805 1208 1956 1274 perii,

222 1296 406 1347 minus
449 1297 651 1348 laborO.
738 1297 859 1363 Ego
902 1296 1067 1347 etiam
1111 1314 1258 1348 nunc
1297 1298 1490 1348 eodem
1530 1298 1585 1348 in
1628 1298 1747 1349 loco
1789 1298 1956 1359 iace0,

223 1386 343 1437 sine
373 1404 628 1438 sermone
659 1387 786 1448 ullo,
821 1387 940 1437 sine
970 1386 1309 1453 cogitatione
1339 1388 1461 1439 ulla.
1549 1374 1706 1439 Licet
1749 1387 1865 1448 tibi,
1900 1395 1960 1438 ut

223 1476 436 1538 scribis,
483 1477 838 1544 significarim
882 1485 941 1527 ut
985 1478 1052 1527 ad
1095 1494 1182 1527 me
1224 1477 1464 1540 venires3
1524 1478 1730 1528 dudum
1773 1485 1959 1528 tamen

223 1565 486 1634 intellego
516 1575 572 1618 te
607 1567 730 1618 istic
774 1568 1053 1633 prodesse,
1087 1566 1174 1618 hic
1218 1584 1287 1618 ne
1316 1568 1483 1618 verbo
1514 1567 1735 1634 quidem
1777 1567 1960 1617 levare

222 1673 311 1707 me
339 1674 517 1723 posse.
604 1658 732 1708 Non
762 1674 903 1724 queo
934 1657 1090 1723 plura
1119 1657 1377 1718 scribere,
1411 1674 1514 1708 nec
1545 1665 1629 1708 est
1659 1658 1804 1724 quod
1834 1656 1961 1708 scri-

221 1747 374 1798 bam:
415 1754 602 1798 vestra
643 1746 818 1814 magis
862 1754 1139 1814 exspecto,
1225 1748 1373 1799 Data
1413 1763 1509 1798 XVI
1556 1747 1679 1799 Kal.
1723 1746 1960 1799 Sextiles

221 1837 670 1889 Thessalonicae.

223 1945 233 1963 ‘
247 1939 304 1978 do
326 1954 409 1992 you
425 1941 567 1980 blame
590 1954 669 1986 me,
688 1941 786 1979 tlzen
804 1941 823 1980 ?
838 1941 846 1957 ’
885 1940 951 1980 Cf.
968 1942 1047 1991 Ep.

224 1997 434 2034 LXXIX.
467 2009 491 2045 4
521 1997 589 2035 lzic
618 2002 663 2034 tu
695 2011 759 2035 me
787 1997 920 2034 abesse
949 1997 1050 2035 urbe

222 2053 409 2098 miraris,
446 2054 492 2090 z'n
533 2066 615 2102 qua
657 2053 821 2090 domus·
839 2053 953 2090 m'lzil
986 2053 1048 2089 de—

221 2109 372 2145 lectare
384 2108 528 2156 possit,
549 2114 628 2145 etc.
645 2108 659 2145 ?
680 2120 728 2145 or
744 2107 777 2145 it
794 2120 892 2159 may
908 2120 1045 2153 mean,

223 2166 290 2200 ‘at
313 2162 396 2200 this
418 2163 539 2212 point
561 2163 602 2200 in
630 2176 735 2214 your
764 2163 916 2207 letter‚’
939 2162 1048 2200 after

222 2217 389 2268 writing
419 2217 465 2255 of
495 2218 567 2256 the
599 2218 740 2256 action
773 2217 819 2255 of
852 2217 1044 2256 Clodius.

221 2273 557 2312 -secundum
596 2273 813 2312 comitia:
858 2274 1048 2325 Pompey

222 2328 451 2378 expressed
479 2329 585 2366 later
606 2328 678 2366 the
708 2330 826 2366 sa'me
857 2328 970 2378 hope
1002 2328 1048 2366 of

221 2383 442 2421 favorable
474 2383 616 2421 action
651 2383 785 2422 ‘after
818 2383 890 2422 the
922 2384 1048 2422 comi-

222 2438 329 2485 tia'3
357 2438 409 2477 cf.
428 2440 514 2476 Att.
535 2451 570 2490 3.
594 2438 652 2477 18.
672 2450 762 2476 1.—
777 2440 946 2477 eodem
967 2468 976 2476 .
1002 2467 1011 2476 .
1036 2467 1045 2476 .

223 2494 503 2544 designato:
545 2495 605 2531 z'.e.
639 2494 739 2532 with
779 2494 960 2532 Clodius
1001 2507 1047 2532 as

223 2549 391 2587 tribune
431 2549 516 2587 and
558 2550 760 2588 Metellus
810 2550 960 2599 Nepos
1001 2562 1047 2587 as

221 2605 369 2642 consul
385 2605 637 2655 designatus.
673 2605 874 2643 Metellus
898 2605 1048 2654 Nepos

221 2659 383 2709 proved
401 2666 445 2697 to
462 2660 515 2698 be
529 2659 723 2711 friendly.
756 2660 837 2698 See
856 2660 1047 2698 Cicero’s

220 2715 346 2753 letter
377 2715 422 2752 of
462 2714 621 2753 thanks
658 2715 726 2752 for
762 2715 835 2753 the
867 2721 1048 2765 support

222 2770 268 2808 of
301 2770 500 2808 Metellus
525 2772 687 2820 Nepos,
711 2771 831 2808 Fam.
859 2780 890 2822 5.
914 2783 961 2818 43
994 2770 1045 2808 cf.

222 2826 312 2864 also
326 2831 409 2875 pro
429 2827 531 2864 Sest.
561 2837 648 2876 130.

279 2892 313 2918 2.
347 2881 403 2918 de
427 2881 638 2919 oratione
663 2880 868 2931 prolata:
893 2880 1046 2918 Cicero

221 2935 306 2973 had
323 2936 486 2974 written
506 2949 530 2974 a
551 2936 707 2985 speech
726 2936 891 2985 against
916 2936 1045 2974 Curio

221 2991 293 3029 the
315 2991 441 3034 elder,
462 2991 596 3029 which
623 2991 943 3042 unfortunately
961 3004 1045 3029 was

220 3046 460 3096 published.
522 3046 589 3084 Cf.
622 3047 712 3085 also
746 3048 830 3084 Att.
865 3058 899 3097 3.
939 3057 996 3098 ¹5·
1021 3058 1043 3097 3

219 3103 266 3139 in
283 3108 430 3140 senatu
453 3115 537 3139 rem
554 3102 682 3152 probe
712 3102 856 3140 scribis
885 3106 1043 3147 αἰανῆ,-

1137 1943 1209 1980 sed
1221 1941 1326 1992 quid
1344 1942 1379 1980 C
1378 1942 1470 1979 urio
1486 1941 1506 1979 ‚9
1520 1954 1578 1979 an
1595 1942 1716 1979 illam
1732 1942 1957 1980 orationem

1136 2010 1220 2034 non
1253 1998 1353 2047 legit
1369 1997 1388 2035 ,2
1429 2010 1533 2047 quae
1567 1997 1678 2035 unde
1707 1998 1763 2034 sit
1788 1997 1960 2046 prolata

1136 2053 1279 2091 nescio.
1341 2052 1446 2090 This
1476 2058 1591 2090 must
1622 2051 1675 2090 be
1705 2064 1731 2090 a
1760 2051 1960 2090 different

1136 2107 1304 2145 oration
1325 2106 1438 2145 from
1460 2107 1532 2145 the
1554 2119 1636 2145 one
1665 2106 1711 2145 of
1740 2106 1877 2145 which
1899 2119 1960 2144 we

1135 2163 1245 2201 have
1268 2169 1452 2201 extracts
1474 2162 1515 2200 in
1541 2163 1617 2212 Ep.
1636 2162 1689 2199 V.
1711 2173 1747 2213 9.
1763 2185 1817 2190 —
1833 2162 1958 2213 quod

1136 2218 1211 2256 ille
1253 2218 1378 2269 prior
1419 2217 1702 2268 scripserat:
1752 2217 1961 2268 probably

1135 2273 1224 2324 just
1260 2273 1408 2312 before
1443 2286 1491 2311 or
1531 2273 1641 2311 after
1676 2272 1748 2311 the
1785 2272 1879 2310 trial
1914 2271 1961 2310 of

1138 2328 1330 2374 Clodius,
1360 2341 1406 2367 as
1440 2328 1570 2366 Curio
1601 2341 1686 2367 was
1719 2328 1790 2366 the
1820 2328 1960 2366 cham-

1135 2384 1237 2434 pion
1260 2384 1307 2422 of
1337 2382 1517 2422 Clodius
1539 2384 1581 2421 in
1604 2383 1675 2422 the
1701 2389 1872 2430 senate3
1904 2382 1957 2421 cf.

1136 2441 1223 2477 Att.
1253 2451 1283 2477 1.
1311 2450 1370 2486 14.
1393 2449 1425 2490 5.
1445 2462 1499 2467 -
1516 2439 1753 2490 quomodo
1777 2438 1962 2476 excide-

1136 2495 1209 2541 rit,
1244 2496 1336 2533 lzow
1371 2496 1406 2531 it
1436 2500 1509 2545 got
1546 2499 1829 2544 out.—put0
1862 2522 1871 2531 .
1905 2522 1914 2532 .
1947 2521 1957 2531 .

1137 2561 1318 2588 meam:
1352 2549 1541 2588 Cicero's
1572 2549 1783 2587 intention
1812 2555 1857 2587 to
1880 2547 1961 2587 dis-

1136 2617 1256 2643 avow
1275 2605 1346 2642 the
1364 2604 1618 2654 authorship
1634 2603 1681 2642 of
1701 2604 1785 2642 this
1802 2603 1957 2654 speech

1136 2660 1246 2698 finds
1269 2672 1389 2698 some
1411 2659 1689 2698 extenuation
1710 2659 1752 2697 in
1776 2659 1847 2697 the
1869 2658 1960 2697 des-

1134 2722 1281 2765 perate
1303 2722 1454 2753 nature
1477 2714 1524 2752 of
1544 2715 1610 2753 his
1631 2714 1831 2765 position.
1876 2714 1961 2752 For

1135 2770 1259 2809 other
1273 2770 1571 2821 questionable
1589 2776 1692 2815 acts,
1707 2769 1759 2808 cf.
1776 2770 1880 2807 Intr.
1894 2779 1957 2817 47.

1191 2838 1226 2877 3.
1258 2832 1309 2864 ut
1341 2826 1399 2863 ad
1432 2837 1507 2863 me
1530 2825 1735 2871 venires,
1760 2831 1857 2863 etc.:
1888 2835 1960 2862 see

1135 2880 1238 2919 Crit.
1263 2879 1461 2931 Append.
1478 2904 1530 2908 —
1546 2880 1666 2925 istic,
1685 2882 1808 2924 there,
1823 2880 1961 2917 where

1125 2949 1212 2985 you
1251 2950 1334 2981 are,
1367 2937 1429 2973 i.e.
1462 2936 1504 2973 111
1543 2936 1957 2973 Rome—vestra:

1137 2992 1229 3041 (not
1260 2993 1349 3040 tua)
1381 2997 1425 3028 to
1457 2990 1626 3029 include
1666 2991 1813 3029 letters
1848 2989 1959 3027 from

1134 3047 1257 3085 other
1287 3045 1449 3084 friends
1481 3047 1778 3085 also.—data
1813 3044 1883 3096 (sc.
1903 3048 1963 3082 est

1131 3102 1325 3152 epistula)
1351 3107 1443 3140 XVI
1479 3102 1603 3140 Ka1.:
1636 3101 1678 3140 in
1706 3100 1779 3139 the
1810 3100 1960 3138 letters
