2067 3332
226 191 308 232 302
765 181 1062 222 CRITICAL
1101 176 1432 218 APPENDIX.

310 330 396 371 ΕΡ.
425 325 608 369 LXVII
641 325 803 382 (Fam.
828 334 870 378 9.
900 321 979 378 15)

263 434 277 460 1
315 431 478 460 curam
502 447 513 457 .
537 446 547 456 .
572 446 582 455 .
605 415 691 455 tibi
727 415 817 452 HD
880 412 1057 450 Cratan-

369 475 445 513 der
504 470 687 512 omitted
711 470 756 508 M
964 514 966 516 v

262 545 283 571 2
316 530 505 570 facetiis
531 528 643 566 DMr
688 526 857 578 facetus
880 523 924 561 H
979 522 1060 573 fac

371 592 410 626 et
428 586 495 623 lzis
514 584 559 622 M

320 641 460 682 Latio
498 640 543 678 M

375 698 425 736 O.
451 693 703 734 Hirschfeld

264 767 288 807 3
320 749 678 796 moderationis,
719 749 900 787 urbane
944 743 1063 783 Mad-

374 808 445 858 vig
501 804 800 844 moderationis
821 802 1008 840 urbanae
1022 802 1061 838 Ψ

268 876 288 918 5
320 865 497 917 parebo
521 863 560 900 D
612 860 745 911 probo
768 858 863 897 MH

320 932 430 960 cum
454 920 486 956 Σ
545 929 672 969 quam
691 917 733 953 Ψ

603 639 703 677 Lati
738 634 916 685 Madvig
973 634 1061 672 luto

345 1061 433 1102 ΕΡ.
462 1057 622 1100 LXIX
650 1056 780 1114 (Att.
812 1065 879 1096 12.
912 1054 959 1111 1)

272 1173 288 1200 1
326 1160 401 1200 sin
441 1157 699 1197 rusticatur
739 1152 959 1192 Victorius
1022 1151 1066 1188 in

381 1215 584 1253 rusticatu
626 1212 672 1250 M
735 1211 803 1248 sin
845 1209 1070 1247 rztstz‘cetur

383 1267 622 1308 Cratander

274 1340 294 1367 2
325 1326 577 1379 γεροντικὸν
615 1320 803 1361 inserted
848 1319 904 1372 by
946 1319 1070 1356 Lam-

382 1381 512 1420 binus

328 1449 422 1489 quo
444 1436 520 1475 die
542 1434 725 1486 quotidie
748 1433 794 1471 M

329 1493 448 1545 prid.
472 1491 580 1531 Kal.
604 1489 737 1529 Orelli
800 1493 835 1525 V
852 1486 954 1525 Καί.
979 1485 1024 1523 M

334 1633 420 1675 ΕΡ.
450 1631 581 1674 LXX
607 1630 771 1688 (Fam.
802 1638 869 1682 15.
901 1627 979 1684 17)

282 1745 302 1772 2
335 1739 386 1772 ut
409 1738 571 1770 tamen
593 1729 721 1768 FHD
781 1733 922 1766 tamen
946 1725 991 1764 M

336 1786 634 1827 macellarius
654 1783 832 1823 Weiske
850 1781 935 1820 and
959 1779 1079 1818 Mad-

394 1843 462 1894 vig
518 1841 756 1880 Marcellus
778 1839 824 1877 M

339 1900 613 1950 gaudebant
656 1896 734 1934 FD
787 1892 998 1945 gaudebat
1032 1890 1078 1929 M

387 1953 633 2005 gaudebunt
650 1951 692 1989 H

284 2023 307 2062 3
339 2009 543 2061 coepisti
563 2007 707 2058 cepisti
726 2007 767 2044 Ψ

323 2150 409 2190 ΕΡ.
439 2146 595 2189 LXXI
627 2146 791 2203 (Fam.
823 2154 890 2197 13.
920 2142 1000 2197 72)

289 2261 310 2287 2
343 2245 680 2287 commodandi
701 2241 1025 2282 commendandi
1045 2240 1084 2276 Ψ

326 2387 412 2428 Ep.
442 2383 655 2427 LXXIII
688 2351 851 2440 (Fam.
877 2392 918 2436 9.
941 2379 1019 2436 11)

295 2497 310 2524 1
347 2497 404 2524 eo
428 2485 518 2522 HD
578 2496 646 2533 ego
668 2482 713 2520 M

294 2553 315 2578 2
348 2540 463 2579 satis
487 2550 596 2578 sum
617 2538 717 2575 satis
740 2536 787 2574 M

332 2679 418 2720 ΕΡ.
448 2676 656 2719 LXXIV
684 2674 813 2732 (Act.
844 2684 911 2713 12.
938 2673 1019 2730 32)

298 2795 314 2821 1
350 2789 402 2822 ut
424 2793 534 2822 curn
559 2779 763 2819 Publilio
783 2778 1004 2828 loquerer
1038 2774 1088 2811 O.

408 2839 456 2876 E.
501 2835 695 2876 Schmidt
771 2846 863 2871 cum
907 2830 1092 2869 Publilio

406 2895 647 2944 loqueretur
675 2890 720 2928 M
780 2901 873 2926 cum
907 2886 1092 2924 Publilio

408 2949 624 2986 videretur
648 2946 779 2983 Klotz

355 3004 472 3042 mihi
504 3003 649 3040 etiam
685 2999 818 3038 Orelli
877 3011 941 3035 me
966 2997 1089 3033 etiam

355 3114 446 3152 alio
472 3111 739 3160 &Vesenberg
796 3122 863 3159 ego
886 3108 931 3145 M

1173 330 1194 356 2
1227 316 1344 356 nihil
1394 326 1516 365 opus
1568 313 1655 351 erit
1702 310 1970 362 Wesenberg

1285 372 1399 409 nillil
1419 376 1521 420 opus
1541 371 1597 406 sit
1617 369 1662 406 M
1839 416 1843 420 .

1228 439 1373 479 quarn
1414 437 1535 476 opus
1577 424 1664 462 erit
1703 421 1972 472 Wesenberg

1284 494 1410 534 quam
1434 486 1534 530 opus
1553 484 1647 518 erat
1668 478 1713 516 M

1243 609 1330 650 Ep.
1360 606 1537 648 LXXV
1567 605 1731 662 (Fam.
1757 615 1798 656 4.
1828 603 1877 660 5)

1181 721 1195 747 1
1232 708 1463 747 miserum
1487 707 1518 742 Σ
1578 705 1738 742 mirum
1761 704 1793 740 Ω

1179 777 1202 816 3
1233 768 1423 814 pareret
1436 765 1619 810 pararet
1639 759 1685 797 M

1234 831 1261 858 a
1283 823 1480 869 parente
1504 815 1543 854 G
1619 819 1847 864 apparente
1869 809 1976 850 MR1

1235 873 1368 914 usuri
1390 873 1456 910 uti
1477 872 1521 909 M

1180 943 1204 979 4
1236 941 1312 969 rne
1357 929 1559 978 Megara
1602 925 1736 965 Orelli
1798 937 1863 962 me
1902 935 1979 961 me-

1285 997 1390 1035 gare
1412 984 1492 1022 GR
1552 994 1772 1031 menegare
1795 980 1840 1018 M

1239 1038 1495 1079 clarissimi
1517 1039 1556 1075 R
1614 1036 1827 1075 carissimi
1848 1034 1939 1073 MG

1188 1108 1208 1150 5
1239 1094 1415 1135 imitari
1439 1094 1507 1132 Mc
1563 1093 1733 1131 imitare
1753 1092 1784 1129 Ω

1241 1222 1327 1264 ΕΡ.
1357 1218 1561 1263 LXXVI
1593 1218 1756 1276 (Fam.
1781 1227 1824 1269 4.
1850 1214 1902 1272 6)

1242 1326 1343 1365 Ser.
1366 1323 1548 1362 Servilio
1566 1323 1598 1361 Ω

1189 1393 1203 1419 1
1240 1382 1343 1431 ipse
1365 1380 1450 1429 ipsi
1471 1378 1517 1416 M

1242 1437 1432 1475 fuerunt
1455 1435 1487 1472 Σ
1532 1433 1710 1485 fuerint
1734 1433 1766 1469 Ω

1245 1492 1394 1532 Galus
1419 1490 1464 1528 M
1526 1485 1857 1542 (Mendelssohn
1880 1484 1986 1523 cites

1301 1548 1561 1591 Mommsen,
1580 1542 1799 1583 Ra'misclze
1814 1540 1987 1580 Forscli-

1299 1616 1451 1653 wigen,
1495 1601 1528 1647 I,
1569 1613 1608 1651 p.
1658 1598 1751 1650 119)
1835 1597 1985 1636 Gallus

1246 1658 1429 1754 lchtiim
1453 1712 1535 1751 GR
1593 1711 1683 1749 lum
1708 1709 1754 1747 M

1195 1782 1214 1808 2
1249 1781 1325 1809 me
1349 1781 1376 1808 a
1398 1781 1487 1807 mea
1511 1767 1601 1806 MR
1659 1780 1684 1804 a
1708 1765 1747 1804 G

1249 1826 1306 1864 de
1330 1837 1378 1863 re
1401 1823 1592 1876 publiea
1615 1821 1697 1860 GR
1754 1820 1814 1858 ad
1830 1832 1875 1857 re
1908 1824 1988 1868 pu-

1298 1881 1400 1919 blica
1425 1878 1489 1917 Μ1

1197 1949 1220 1989 3
1251 1937 1408 1976 maius
1433 1965 1443 1974 .
1467 1964 1477 1973 .
1502 1964 1512 1973 .
1535 1933 1664 1973 nulla
1700 1932 1782 1971 GR
1854 1930 1991 1968 maior

1307 2006 1346 2030 m
1352 1993 1394 2029 ili
1400 1993 1417 2028 i
1429 1991 1540 2029 vatio
1557 2003 1595 2028 m
1602 1989 1645 2027 ilz
1651 1990 1667 2026 i
1680 1988 1850 2039 adferre
1865 1985 1990 2023 nulla

1309 2048 1354 2086 M
1414 2048 1554 2084 maior
1592 2044 1702 2082 milii
1738 2042 1888 2081 levatio
1926 2040 1993 2090 (or

1307 2103 1446 2141 maior
1465 2102 1575 2139 enim
1599 2099 1747 2137 levatio
1776 2096 1901 2147 milii)
1925 2095 1993 2133 ad-

1297 2158 1422 2210 ferri
1486 2154 1734 2205 commonly
1810 2149 1992 2202 printed.

1313 2210 1627 2251 Mendelssohn
1691 2207 1836 2247 thinks
1900 2206 1993 2243 that

1310 2269 1384 2307 the
1416 2266 1590 2317 reading
1618 2262 1807 2315 adopted
1842 2261 1994 2300 results

1309 2324 1423 2362 from
1442 2320 1763 2373 interpolation.

1229 2450 1314 2490 ΕΡ.
1342 2446 1575 2490 LXXVII
1606 2446 1766 2503 (Fam.
1795 2454 1833 2496 5.
1865 2442 1942 2498 14)

1207 2561 1222 2587 1
1258 2549 1580 2588 discesseram
1621 2544 1703 2583 GR
1760 2543 2000 2580 discesserat

1316 2605 1361 2642 M
1421 2605 1740 2642 discesseramus
1764 2595 1977 2636 Streicher

1314 2661 1539 2698 decesserat
1560 2652 1747 2708 (Tullia)
1773 2651 1904 2690 Orelli

1206 2727 1226 2753 2
1258 2716 1370 2753 hinc
1393 2714 1689 2752 discesseras
1722 2710 1753 2746 Σ
1812 2708 1911 2745 lzinc
1942 2705 1999 2743 di-

1314 2784 1381 2808 cas
1401 2781 1515 2807 seras
1539 2767 1583 2805 M
1628 2766 1791 2803 indicas
1813 2762 1895 2801 GR
1939 2761 2000 2797 in-

1314 2826 1498 2863 clinatus
1518 2836 1610 2861 eras
1634 2818 1845 2860 Streicher

1207 2893 1229 2933 3
1261 2881 1431 2919 redeas
1472 2884 1613 2928 atque
1655 2876 1714 2914 ad
1763 2873 1966 2912 redeas..
1991 2897 1999 2906 .

1315 2936 1374 2973 ad
1404 2936 1550 2986 (space
1580 2932 1648 2969 for
1676 2940 1697 2982 5
1728 2942 1776 2967 or
1799 2927 1825 2966 6
1855 2927 2001 2964 letters

1316 2990 1508 3029 between
1549 2987 1692 3026 redeas
1724 2983 1809 3022 and
1850 2981 1929 3031 ad>
1954 2979 2001 3018 M

1319 3046 1460 3084 redeas
1480 3044 1540 3081 ad
1557 3042 1597 3081 G
1654 3040 1796 3079 redeas
1815 3052 1863 3076 ac
1887 3037 1925 3074 R

1262 3111 1388 3140 nunc
1412 3097 1801 3150 Martyni-Laguna
1838 3104 1931 3130 cum
1956 3089 2002 3127 M
