2067 3332
102 144 190 182 Att.
213 155 251 193 4.
279 143 333 195 1.]
678 146 956 187 CICERO'S
1001 149 1289 189 LETTERS.
1798 158 1850 199 61

101 283 233 334 tatis
276 285 562 350 praeteriti
605 286 871 352 temporis
915 305 1110 340 omnes
1155 307 1406 359 exegerO,
1453 295 1706 360 profecto
1749 298 1851 351 hac

102 363 458 425 restitutione
500 376 759 428 fortunae
800 394 890 428 me
933 378 1052 445 ipse
1094 398 1207 432 non
1257 383 1393 435 satis
1436 385 1665 453 dignum
1718 389 1851 441 iudi-

101 465 253 516 cab0.
340 465 459 517 Nos
502 467 681 518 adhuc
724 467 779 517 in
824 477 1017 520 nostro
1061 479 1212 523 statu
1242 475 1388 540 quod
1418 475 1742 530 difficillime
1772 498 1851 532 re-

101 555 332 621 ciperari
385 573 557 622 posse.
605 558 858 610 arbitrati
914 577 1122 623 summ,
1184 564 1537 630 splendorem
1595 578 1846 622 nostrum

100 645 254 696 illum
285 645 567 698 forensem
599 655 655 698 et
685 648 741 698 in
772 658 971 701 senatu
1014 654 1404 707 auctoritatem
1441 666 1496 709 et
1527 662 1672 726 apud
1701 662 1848 713 viros

100 736 276 787 bonos
313 737 550 804 gratiam
593 739 771 807 magis
802 758 964 807 quam
1000 751 1275 809 optamUS,
1309 751 1597 801 consecuti
1629 769 1845 815 sumus;

100 827 154 878 in
186 843 244 878 re
273 835 459 879 autem
488 829 763 892 familiari,
796 849 937 898 quae
968 837 1434 900 quemadmodum
1464 841 1657 903 fracta,
1691 844 1847 894 dissi-

100 926 243 985 pata,
277 919 493 986 direpta
523 919 593 971 sit
625 938 736 971 non
767 922 1006 989 ignoraS‚
1039 925 1200 978 valde
1243 928 1572 993 laboramus,
1606 941 1847 985 tuarum-

97 1025 204 1076 que
233 1026 345 1060 non
370 1017 484 1061 tam
513 1010 862 1074 facultatum,
895 1032 1032 1081 quas
1068 1033 1172 1084 ego
1214 1027 1434 1072 nostras
1478 1039 1602 1074 esse
1645 1023 1842 1086 iudic0,

97 1116 261 1167 quam
291 1100 647 1177 consiliorum
679 1104 746 1154 ad
776 1104 1120 1172 colligendas
1163 1117 1218 1160 et
1261 1112 1684 1165 constituendas
1728 1116 1846 1166 reli-

100 1192 256 1259 quias
287 1200 508 1244 nostras
539 1194 869 1263 indigemus,
943 1199 1125 1262 Nunc,
1160 1202 1267 1253 etsi
1296 1203 1482 1254 omnia
1511 1212 1606 1255 aut
1638 1206 1846 1273 scripta

97 1299 220 1333 esse
249 1300 281 1334 a
302 1283 413 1335 tuis
437 1284 675 1337 arbitror
703 1295 798 1338 aut
830 1289 996 1340 etiarn
1029 1291 1241 1343 nuntiis
1271 1310 1335 1345 ac
1365 1311 1584 1346 rumore
1614 1296 1840 1363 perlata,

97 1381 284 1425 tamen
316 1391 381 1425 ea
410 1375 528 1442 ipse
558 1377 795 1429 scribam
827 1380 994 1442 brevi,
1029 1400 1170 1449 quae
1213 1390 1269 1434 te
1312 1393 1446 1451 puto
1489 1386 1842 1452 potissimum

98 1481 164 1515 ex
202 1465 341 1516 meis
386 1465 587 1519 litteris
616 1469 759 1521 velle
802 1488 1157 1539 cognoscere.
1245 1475 1329 1527 Pr.
1363 1476 1556 1528 Nonas
1602 1477 1842 1530 Sextiles

98 1558 409 1627 Dyrrachio
439 1576 561 1610 sum
592 1561 895 1627 profectus,
929 1564 1047 1630 ipso
1078 1564 1170 1615 illo
1200 1565 1304 1626 die,
1337 1583 1445 1633 quo
1488 1567 1575 1618 lex
1605 1576 1689 1619 est
1732 1569 1843 1621 lata

93 1650 162 1700 de
216 1649 394 1702 nobis,
496 1651 855 1705 Brundisium
900 1654 1028 1705 veni
1085 1655 1264 1707 Nonis
1321 1656 1644 1711 Sextilibus.
1757 1661 1841 1711 Ibi

93 1740 228 1791 mih'i
257 1740 496 1793 Tulliola
525 1760 649 1795 mea
677 1744 784 1796 fuit
828 1753 1051 1812 praesto
1094 1747 1264 1797 natali
1307 1765 1407 1799 suo
1449 1749 1569 1816 ipso
1612 1751 1716 1812 die,
1749 1753 1841 1818 qui

96 1856 229 1891 casu
258 1838 403 1889 idem
435 1834 635 1887 natalis
666 1843 783 1887 erat
814 1844 868 1887 et
909 1836 1278 1888 Brundisinae
1322 1838 1572 1891 coloniae
1614 1848 1668 1891 et
1712 1849 1840 1892 tuae

91 1929 307 1982 vicinae
351 1928 587 1991 Salutis;
644 1944 786 1996 quae
835 1944 923 1978 res
971 1927 1356 1980 animadversa
1403 1946 1434 1980 a
1482 1931 1840 1984 multitudine

94 2038 311 2073 summa
341 2019 804 2071 Brundisinorum
829 2018 1204 2086 gratulatione
1229 2019 1507 2072 celebrata
1530 2029 1631 2074 est.
1683 2023 1840 2074 Ante

91 2112 238 2163 diem
282 2128 337 2163 VI
379 2111 511 2163 Idus
557 2110 797 2163 Sextiles
840 2109 1076 2177 cognovi
1117 2109 1320 2161 litteris
1367 2111 1565 2178 Quinti
1607 2114 1837 2165 mirifico

91 2203 275 2254 studio
304 2203 552 2254 omnium
583 2209 831 2253 aetatum
871 2208 1039 2268 atque
1067 2200 1340 2274 ordinum,
1373 2202 1685 2254 incredibili
1715 2222 1838 2255 con-

87 2322 266 2361 tinction
298 2322 491 2361 between
523 2321 597 2361 the
616 2322 696 2361 fut.
720 2321 806 2360 and
835 2321 916 2360 fut.

86 2377 191 2429 perf.
224 2391 310 2417 was
340 2377 597 2417 introduced
633 2378 724 2416 into
760 2377 917 2416 formal

88 2434 227 2479 Latin,
241 2433 319 2473 but
334 2446 420 2473 was
437 2441 512 2472 not
530 2434 686 2486 always
703 2432 917 2472 observed

85 2489 126 2527 in
149 2489 379 2541 colloquial
406 2489 550 2536 Latin;
582 2489 635 2528 cf.
661 2488 751 2528 Cic.
772 2490 858 2527 Att.
879 2501 914 2540 3.

88 2556 148 2595 19.
191 2557 205 2583 1
253 2558 462 2596 nusquam
483 2545 667 2597 facilius
696 2545 808 2583 hanc
842 2546 917 2583 mi-

84 2602 308 2640 serrimam
331 2602 461 2638 vitam
487 2602 556 2639 vel
582 2602 815 2639 sustentabo
835 2602 913 2646 vel,

83 2657 196 2707 quod
213 2657 346 2695 multo
364 2662 425 2695 est
441 2657 603 2701 melius,
625 2656 816 2694 abiecero.

139 2723 174 2763 3.
208 2713 470 2751 forensem:
507 2714 567 2751 i.e.
600 2724 648 2750 as
688 2724 713 2750 a
746 2712 913 2763 lawyer.

83 2774 393 2819 —optamust
425 2767 479 2806 he
500 2767 614 2806 fears
635 2767 702 2806 his
723 2767 913 2818 position

83 2835 179 2874 may
210 2824 347 2862 excite
379 2823 630 2875 envy.—in
664 2835 712 2861 re
750 2829 913 2862 autem

83 2878 334 2917 familiari:
386 2879 577 2917 Cicero's
618 2878 756 2917 house
797 2891 913 2929 upon

83 2933 155 2972 the
191 2935 381 2973 Palatine
410 2933 495 2972 had
527 2933 635 2972 been
668 2933 912 2987 destroyed,

83 2988 148 3026 his
173 2989 294 3027 villas
323 2988 574 3040 plundered,
601 2988 685 3027 and
721 2989 794 3028 the
827 2996 913 3028 rest

82 3044 129 3082 of
159 3044 224 3082 his
247 3051 450 3096 property
473 3044 559 3082 had
580 3043 687 3083 been
711 3057 761 3082 so
783 3044 914 3096 badly

83 3099 295 3150 managed
318 3099 372 3152 by
389 3100 593 3138 Terentia
619 3098 704 3137 and
735 3100 812 3138 her
833 3099 913 3138 dis-

1009 2319 1166 2359 honest
1187 2320 1370 2359 steward
1395 2319 1652 2360 Philotimus
1675 2321 1766 2360 that
1786 2323 1838 2361 he

1007 2376 1147 2415 found
1170 2375 1344 2414 himself
1373 2377 1519 2429 nearly
1540 2376 1757 2428 bankrupt
1780 2392 1835 2416 on

1008 2431 1074 2471 his
1106 2439 1264 2471 return.
1328 2432 1398 2470 He
1429 2445 1515 2471 was
1547 2446 1652 2471 even
1689 2434 1837 2472 forced

1007 2494 1053 2526 to
1084 2494 1162 2538 put
1199 2501 1256 2539 up
1290 2487 1356 2526 his
1389 2488 1606 2527 Tusculan
1640 2489 1740 2528 villa
1770 2490 1838 2528 for

1007 2543 1113 2591 sa]e;
1136 2543 1189 2582 cf.
1209 2546 1296 2582 Att.
1316 2555 1352 2592 4.
1374 2555 1408 2581 2.
1433 2554 1470 2592 7.
1484 2568 1539 2572 —
1556 2544 1722 2592 fracta,
1738 2553 1835 2584 etc:

1004 2599 1075 2637 for
1096 2599 1169 2638 the
1187 2599 1428 2650 metaphor‚
1446 2599 1499 2638 cf.
1522 2603 1716 2639 contraxi
1732 2603 1835 2647 vela,

1007 2654 1084 2706 Ep.
1109 2656 1160 2692 V.
1186 2667 1206 2693 2
1230 2669 1269 2693 n.

1060 2722 1097 2759 4.
1132 2710 1357 2750 Tulliola:
1389 2711 1442 2750 cf.
1466 2711 1721 2761 pulchellus,
1756 2713 1833 2763 Ep.

1005 2766 1056 2803 V.
1103 2778 1151 2805 10
1183 2766 1548 2806 n.—coloniae:
1598 2767 1653 2806 its
1700 2769 1837 2807 estab-

1003 2821 1208 2861 lishment
1239 2835 1286 2861 as
1317 2835 1341 2860 a
1371 2824 1530 2860 colonia
1562 2822 1692 2862 dated
1722 2824 1833 2863 from

1006 2888 1085 2929 245
1108 2887 1190 2915 B.C.
1253 2877 1320 2916 Cf.
1356 2878 1546 2917 Miiller’s
1577 2880 1833 2925 Handbuch,

1007 2933 1092 2970 ΙΙΙ.
1115 2944 1207 2985 475.
1223 2957 1277 2961 —
1296 2933 1503 2973 Salutis:
1535 2934 1604 2972 for
1632 2935 1704 2974 the
1726 2948 1836 2974 erec-

1005 2989 1095 3026 tion
1119 2988 1204 3027 and
1226 2988 1476 3027 decoration
1502 2989 1549 3027 of
1579 2990 1651 3029 the
1675 2992 1834 3042 temple

1004 3044 1052 3082 of
1093 3044 1233 3089 Salus,
1265 3057 1337 3082 see
1380 3045 1498 3096 Livy,
1536 3057 1595 3084 10.
1633 3057 1665 3091 1,
1702 3047 1833 3099 Pliny,

1005 3101 1061 3137 N.
1087 3101 1144 3137 H.
1169 3111 1231 3151 35.
1261 3111 1320 3149 19,
1343 3099 1429 3137 and
1452 3101 1546 3138 Val.
1573 3102 1687 3140 Max.
1706 3101 1744 3141 8.
1772 3114 1833 3152 14.
