2067 3332
78 176 196 214 Fam.
224 185 284 223 14.
314 173 394 225 11.]
647 174 925 213 CICERO’S
969 175 1257 214 LETTERS.
1748 176 1824 216 183

649 369 796 420 LVI.
860 370 1032 440 (Fam.
1074 386 1154 435 14.
1188 372 1261 437 8.)

484 515 747 554 TVLLIVS
789 515 1152 555 TERENTIAE
1195 517 1352 556 SVAE
1395 517 1436 557 S.

156 627 217 680 Si
246 627 413 689 valeS,
446 628 589 679 bene
632 635 734 679 est.
821 628 943 695 Ego
973 628 1145 680 valeO.
1230 629 1628 681 Valetudinem
1672 638 1824 682 tuam

75 718 242 770 velim
285 734 445 770 cures
488 717 951 785 diligentissime3
1008 736 1134 770 nam
1179 719 1315 769 mihi
1357 727 1412 770 et
1456 721 1725 787 scriptum
1770 729 1825 772 et

77 809 395 860 nuntiatum
441 816 525 859 est
569 816 626 859 te
670 808 725 858 in
768 808 969 859 febrim
1027 809 1213 860 subito
1270 810 1547 862 incidisse.
1661 812 1826 879 Quod

77 899 334 951 celeriter
364 915 451 949 me
480 898 668 950 fecisti
697 899 765 949 de
809 898 1064 951 Caesaris
1107 899 1311 951 litteris
1355 901 1664 963 certiorem,
1696 902 1827 953 feci-

77 990 150 1041 sti
192 989 328 1041 mihi
370 997 608 1057 gratum.
696 989 840 1040 Item
884 991 1133 1057 posthac,
1180 991 1226 1042 si
1268 991 1399 1059 quid
1441 1009 1581 1059 opus
1623 992 1744 1053 erit,
1781 992 1828 1043 si

76 1080 208 1148 quid
251 1080 515 1132 acciderit
558 1080 702 1142 novi,
735 1080 909 1132 facies
953 1089 1014 1132 ut
1058 1081 1244 1134 sciam.
1332 1082 1480 1134 Cura
1521 1090 1582 1133 ut
1623 1082 1824 1136 valeas.

78 1171 233 1223 Vale.
320 1171 387 1223 D.
424 1187 510 1222 1111
542 1172 688 1223 Non.
723 1172 843 1224 Iun.

611 1370 796 1421 LVII.
859 1370 1034 1440 (Fam.
1075 1385 1154 1435 14.
1196 1372 1302 1439 11.)

422 1516 685 1556 TVLLIVS
730 1517 772 1556 S.
815 1517 869 1555 D.
911 1517 1274 1556 TERENTIAE
1317 1517 1489 1557 SVAE.

157 1629 213 1681 S.
250 1647 298 1681 V.
340 1630 391 1681 b.
431 1630 494 1681 Ε.
533 1647 582 1681 V.
672 1629 857 1680 Tullia
899 1637 1091 1680 nostra
1132 1630 1286 1681 venit
1328 1631 1397 1681 ad
1438 1647 1528 1682 me
1569 1648 1648 1698 pr.
1695 1631 1828 1683 Idus

80 1721 238 1783 Iun.;
300 1720 456 1772 cuius
513 1738 729 1772 summa
782 1721 991 1771 virtute
1047 1728 1102 1771 et
1157 1720 1427 1788 singulari
1481 1721 1829 1778 humanitate

78 1811 330 1878 graviore
361 1811 528 1862 etiam
561 1828 682 1862 sum
712 1811 901 1862 dolore
930 1811 1185 1863 adfectus
1216 1819 1407 1863 nostra
1447 1812 1659 1864 facturn
1703 1830 1829 1865 esse

78 1902 452 1970 neglegentia,
485 1910 545 1953 ut
589 1901 755 1969 longe
796 1902 902 1953 alia
944 1902 1000 1952 in
1042 1902 1269 1953 fortuna
1310 1910 1458 1954 esset
1500 1911 1668 1971 atque
1710 1904 1828 1955 eius

79 1993 257 2060 pietas
303 2010 365 2045 ac
408 1993 653 2060 dignitas
703 1992 1037 2059 postulabat.
1145 1992 1326 2044 Nobis
1375 2001 1492 2044 erat
1543 1994 1599 2044 in
1643 1995 1828 2046 animo

82 2083 408 2135 Ciceronem
477 2084 545 2135 ad
611 2083 907 2135 Caesarem
976 2083 1216 2145 mittere,
1274 2091 1330 2134 et
1395 2101 1519 2135 cum
1589 2102 1653 2135 eo
1724 2085 1823 2137 Cn.

138 2216 254 2254 LVI.
298 2215 589 2262 Brundisium,
631 2216 744 2264 June
787 2228 821 2262 2,
857 2227 907 2266 47
998 2217 1092 2266 Ego
1129 2216 1277 2262 vale0‚·
1319 2229 1368 2254 or
1397 2218 1435 2254 si
1473 2217 1596 2262 vales,
1629 2218 1726 2256 bene
1759 2224 1827 2256 est.

85 2281 166 2310 B.c.
1009 2272 1142 2310 Valeo.
1194 2271 1261 2311 Cf.
1287 2272 1392 2310 Intr.
1415 2272 1465 2311 62
1489 2272 1575 2310 and
1597 2273 1676 2323 Ep.
1697 2274 1826 2318 LVI„

139 2327 179 2366 si
200 2327 349 2374 vales,
370 2328 492 2366 bene
516 2333 605 2366 est.
639 2339 730 2378 ego
751 2327 908 2366 valeo:

84 2383 238 2421 Cicero
259 2395 389 2421 never
411 2395 509 2422 uses
535 2382 621 2421 this
651 2382 838 2421 formula
866 2383 911 2421 in

83 2438 250 2488 writing
294 2445 340 2476 to
387 2438 592 2487 Quintus,
634 2438 821 2484 Atticus,
863 2451 912 2477 or

84 2493 200 2539 Tiro,
233 2506 312 2532 nor
346 2494 390 2532 in
426 2493 493 2532 his
530 2493 645 2546 early
674 2494 824 2533 letters
865 2500 911 2533 to

82 2549 298 2603 Terentia,
346 2549 423 2588 viz.
468 2551 589 2588 Fam.
640 2562 701 2598 14.
736 2562 756 2588 2
811 2550 910 2601 (Ep.

84 2605 252 2656 XIII.)‚
275 2617 298 2657 3
330 2604 415 2643 and
446 2617 471 2654 4
506 2606 603 2657 (Ep.
628 2605 729 2657 XI),
753 2605 838 2644 and
867 2606 910 2644 in

71 2662 254 2714 general
277 2661 330 2699 he
352 2662 547 2714 employs
573 2661 605 2699 it
634 2662 735 2714 only
756 2661 797 2699 in
827 2661 913 2699 for-

83 2716 167 2754 mal
189 2717 349 2755 letters.
415 2718 480 2755 Its
504 2729 579 2756 use
601 2716 702 2755 here
723 2717 758 2755 is
777 2717 912 2755 there-

82 2770 177 2810 fore
200 2784 253 2810 an
276 2771 510 2810 indication
535 2772 582 2810 of
612 2773 685 2811 the
712 2773 911 2811 coolness

83 2827 220 2865 which
243 2827 329 2866 had
351 2840 515 2878 sprung
532 2841 588 2878 up
605 2827 798 2866 between
822 2828 911 2865 him

83 2882 168 2920 and
185 2883 251 2921 his
269 2883 381 2929 wife;
405 2882 457 2921 cf.
475 2883 578 2921 Intr.
600 2894 725 2935 52.—-
743 2883 911 2922 facies:

83 2937 136 2976 cf.
163 2939 266 2976 Intr.
288 2938 341 2986 84
364 2940 396 2977 b.

140 2995 279 3032 LVII.
342 2994 630 3040 Brundisium,
682 2995 794 3042 June
852 3006 912 3043 14,

171 3060 251 3088 B-C.

84 3060 178 3143 478.
207 3118 250 3144 v.
284 3107 327 3145 b.
360 3117 401 3144 e.
435 3118 499 3144 v.:
532 3107 570 3143 si
607 3107 731 3152 vales,
764 3107 909 3144 henest.

1000 2328 1169 2365 LVIII.
1192 2340 1332 2366 nn.—-
1348 2328 1407 2366 ad
1430 2340 1525 2367 me:
1548 2329 1608 2367 i.e.
1627 2335 1673 2366 to
1698 2329 1829 2367 Brun-

998 2382 1153 2422 disium
1179 2398 1187 2431 ;
1238 2383 1293 2422 cf.
1337 2384 1441 2422 Intr.
1485 2395 1548 2435 32.
1576 2407 1631 2411 —
1662 2384 1829 2435 negle-

1000 2439 1162 2489 gentia
1184 2453 1191 2476 :
1222 2439 1375 2478 Cicero
1398 2439 1531 2478 refers
1552 2439 1761 2492 probably
1783 2447 1827 2478 to

1000 2495 1180 2534 Tullia's
1198 2495 1454 2545 unpleasant
1477 2495 1667 2545 position
1686 2508 1733 2534 as
1755 2496 1828 2535 the

999 2550 1095 2589 wife
1118 2550 1166 2588 of
1198 2550 1439 2595 Dolabella,
1463 2563 1488 2588 a
1512 2550 1711 2589 financial
1743 2551 1827 2590 and

999 2606 1137 2644 moral
1159 2605 1389 2656 bankrupt,
1409 2606 1505 2644 who
1522 2606 1699 2645 showed
1719 2607 1828 2646 little

999 2661 1203 2700 affection
1235 2662 1305 2700 for
1335 2662 1424 2708 her,
1453 2661 1538 2700 and
1570 2662 1716 2701 whose
1747 2663 1829 2713 agi-

1000 2717 1138 2755 tation
1161 2724 1204 2755 at
1227 2717 1313 2756 this
1336 2730 1438 2769 very
1460 2724 1653 2755 moment
1674 2718 1743 2756 for
1774 2731 1828 2756 an

999 2772 1209 2811 abolition
1253 2773 1300 2811 of
1336 2772 1461 2811 debts
1503 2785 1589 2812 was
1628 2773 1830 2825 bringing

998 2827 1167 2867 further
1194 2827 1388 2878 disgrace
1420 2841 1537 2878 upon
1570 2829 1714 2867 Tullia
1743 2829 1829 2868 and

999 2883 1075 2922 her
1091 2883 1252 2936 family.
1305 2884 1387 2921 But
1411 2884 1590 2923 Tullia's
1611 2883 1829 2924 betrothal

999 2938 1085 2977 and
1121 2940 1329 2989 marriage
1371 2946 1416 2977 to
1450 2939 1682 2978 Dolabella
1722 2941 1840 2980 took,

999 2995 1120 3045 place
1136 2995 1304 3045 against
1319 2994 1396 3032 her
1408 2994 1586 3034 father's
1599 2995 1611 3046 j
1622 2995 1829 3047 udgment

1000 3049 1153 3101 during
1187 3050 1253 3088 his
1275 3049 1458 3088 absence
1481 3050 1521 3088 in
1546 3051 1707 3090 Cilicia.
1760 3052 1827 3090 Cf.

1004 3106 1107 3144 Intr.
1134 3102 1265 3158 56—
1282 3105 1582 3144 Ciceronem:
1616 3107 1687 3146 the
1710 3120 1828 3147 same
