2067 3332
102 115 224 159 Fam.
248 130 285 169 7.
312 118 395 171 18.]
680 117 961 157 CICERO’S
1005 119 1297 158 LETTERS.
1791 121 1867 161 103

102 268 261 312 tuum
291 260 601 312 discessum
631 276 663 310 a
692 258 851 309 nobis
881 258 1136 310 futurum
1167 269 1347 327 putes
1437 261 1530 313 Sic
1574 262 1722 312 enim
1765 263 1868 314 tibi
1900 292 1925 328 4

22 423 23 426 Ἴ
102 352 438 420 persuadeas
457 350 639 412 velim,
663 367 836 401 unum
860 350 996 401 mihi
1019 368 1141 401 esse
1166 351 1433 403 solacium
1454 369 1624 420 quare
1648 353 1867 406 facilius

101 442 312 512 possim
342 442 457 510 pati
481 449 539 494 te
562 458 687 493 esse
718 440 839 493 sine
863 441 1040 503 nobiS,
1069 442 1115 493 si
1138 442 1241 493 tibi
1265 460 1388 495 esse
1411 443 1463 494 id
1489 444 1866 497 emolumento

103 534 306 596 sciam;
359 533 446 585 sin
489 541 676 584 autem
720 533 774 584 id
817 550 930 583 non
975 540 1076 595 est,
1123 533 1260 584 nihil
1304 534 1522 586 duobus
1571 537 1732 589 nobis
1781 547 1866 589 est

102 625 345 687 stultius,
384 642 473 681 me
517 624 612 692 qui
652 632 709 675 te
752 642 864 675 non
911 625 1148 676 Romam
1192 627 1486 689 attraham,
1520 636 1577 679 te
1619 629 1712 696 qui
1754 646 1866 681 non

102 718 211 769 huc
240 716 481 769 advoleS.

102 808 426 876 congressio
456 807 630 875 pluris
662 807 764 880 erit
795 825 959 876 quam
990 826 1104 860 non
1134 810 1298 861 modo
1329 810 1539 872 hosteS‚
1573 812 1671 862 sed
1701 812 1865 863 etiam

103 900 306 952 fratres
337 899 512 951 nostri
546 898 749 951 Aedui.
838 899 1027 967 Quare
1063 901 1322 952 omnibus
1353 902 1422 953 de
1465 903 1631 954 rebus
1672 903 1762 954 fac
1805 911 1866 954 ut

101 1009 266 1061 quam
295 991 534 1060 primum
565 990 763 1043 sciam:

565 716 694 767 Vna
722 716 968 768 mercule
997 725 1190 768 nostra
1219 718 1307 769 vel
1343 736 1536 771 severa
1563 720 1652 770 vel
1682 720 1868 772 iocosa

450 1110 548 1153 Aut
571 1108 861 1153 consolando
887 1116 967 1153 aut
991 1109 1186 1154 consilio
1211 1118 1291 1154 aut
1314 1125 1361 1155 re
1387 1112 1527 1155 iuero.

620 1292 839 1344 XXVI.
930 1292 1103 1361 (Fam.
1151 1304 1199 1357 7.
1245 1294 1350 1360 18.)

645 1433 881 1473 CICERO
923 1434 1241 1473 TREBATIO
1285 1434 1326 1474 S.

179 1548 397 1615 Accepi
425 1566 457 1600 a
490 1556 548 1599 te
590 1547 802 1615 aliquot
847 1546 1117 1614 epistulas
1161 1565 1273 1598 uno
1317 1555 1588 1616 tempore,
1622 1567 1760 1617 quas
1804 1557 1865 1600 tu
1904 1571 1919 1598 1

101 1639 338 1691 diversis
395 1639 745 1706 temporibus
803 1639 1051 1690 dederas,
1148 1639 1214 1689 In
1272 1639 1477 1707 quibus
1536 1657 1626 1691 me
1681 1648 1867 1692 cetera

102 1730 455 1783 delectarunt
471 1748 482 1793 3
526 1730 921 1797 significabant
954 1729 1104 1781 enim
1147 1738 1204 1781 te
1249 1730 1415 1782 istam
1460 1731 1715 1782 militiam
1758 1732 1865 1784 iam

102 1823 261 1873 firmo
291 1821 477 1873 animo
505 1821 653 1872 ferre
682 1828 738 1872 et
769 1838 894 1872 esse
924 1821 1129 1872 fortem
1162 1822 1341 1872 virum
1383 1830 1438 1873 et
1483 1830 1865 1886 constantem;

102 1932 245 1983 quae
275 1931 380 1982 ego
417 1913 701 1981 paulisper
743 1912 799 1963 in
842 1920 900 1963 te
944 1912 1022 1963 ita
1064 1912 1391 1974 desideravi,
1427 1931 1538 1964 non
1581 1914 1864 1966 imbecilli-

102 2014 219 2058 tate
247 2005 419 2057 animi
448 2005 548 2066 tui,
576 2005 674 2056 sed
705 2004 885 2071 magis
916 2011 978 2054 ut
1002 2004 1281 2054 desiderio
1314 2005 1493 2055 nostri
1523 2012 1579 2056 te
1609 2013 1864 2057 aestuare

0 2096 2 2158 l
103 2105 376 2165 putarem.
465 2097 654 2165 Quare
683 2112 870 2163 perge,
905 2103 966 2146 ut
999 2095 1261 2162 coepisti3
1303 2095 1436 2146 forti
1472 2096 1655 2147 animo
1700 2097 1864 2148 istam

0 2167 2 2197 ⁵
103 2189 282 2240 tolera
321 2187 593 2240 militiam.

104 2279 253 2330 enim
309 2279 589 2330 renovabo
646 2277 1210 2339 commendationem,
1258 2279 1357 2329 sed
1413 2286 1684 2345 tempore.

707 2187 905 2248 Multa,
953 2186 1087 2237 mihi
1143 2187 1322 2248 crede,
1373 2188 1701 2255 adsequere;
1761 2206 1865 2256 ego

1771 2279 1865 2331 Sic

165 2415 201 2451 4.
233 2401 369 2442 nihil:
392 2407 592 2453 stronger
613 2401 717 2440 than
741 2415 872 2440 nemo.
887 2425 944 2431 ——

109 2458 323 2498 advoles:
348 2459 527 2503 Lorenz,
551 2471 608 2496 on
632 2458 771 2496 Plaut.
788 2458 941 2496 Pseud.

110 2525 200 2567 535,
223 2527 338 2567 says:
371 2514 466 2553 The
501 2515 673 2552 Roman
695 2527 832 2552 sermo
852 2515 942 2553 coti-

105 2571 264 2610 dianus
277 2569 364 2609 had
381 2582 407 2608 a
420 2570 520 2609 host
537 2569 584 2608 of
599 2569 859 2609 substitutes
872 2569 942 2608 for

106 2628 170 2665 ire
183 2625 269 2665 and
282 2627 408 2672 abire,
423 2639 492 2678 eg.
504 2626 736 2671 ambulare,
751 2640 793 2665 se
807 2638 938 2677 agere,

103 2696 145 2721 se
166 2688 406 2734 penetrare,
429 2695 470 2720 se
498 2682 680 2734 adferre,
704 2695 744 2720 se
764 2683 878 2727 dare,
900 2694 942 2719 se

104 2739 364 2789 immergere,
396 2751 437 2776 se
466 2739 627 2783 ducere,
660 2751 700 2776 se
734 2738 938 2788 abripere,

104 2800 184 2833 etc.
248 2793 364 2833 Such
386 2792 644 2833 substitutes
672 2806 719 2832 as
740 2794 940 2832 advolare

105 2848 191 2887 and
222 2851 443 2888 convolare
474 2862 544 2887 are
580 2849 765 2900 especial
799 2849 940 2887 favor·

105 2904 200 2951 ites‚
222 2904 408 2944 because
431 2904 478 2942 of
504 2905 614 2943 their
635 2905 939 2956 exaggerative

105 2960 340 2999 character.
402 2960 469 2998 Cf.
502 2962 590 2999 Att.
628 2972 660 2998 1.
690 2972 750 3009 14.
777 2972 822 3012 53
859 2961 937 3011 Ep.

107 3017 273 3055 LXIX.
295 3028 386 3054 1.--
401 3015 573 3055 fratres
592 3016 744 3055 nostri
761 3016 938 3056 Aedui:

105 3084 131 3110 a
147 3072 290 3110 thrust
308 3077 350 3110 at
369 3071 442 3110 the
460 3071 683 3123 absurdity
697 3071 744 3110 of
759 3071 938 3111 bestow-

1032 2400 1109 2452 ing
1167 2400 1273 2440 such
1333 2398 1692 2450 complimentary
1749 2398 1866 2437 titles

1034 2470 1151 2508 upon
1203 2461 1367 2494 remote
1410 2453 1675 2500 barbarians,
1718 2453 1866 2492 whose

1035 2517 1044 2535 ‘
1060 2510 1363 2552 brotherhood
1380 2511 1388 2527 '
1410 2509 1484 2548 did
1505 2517 1583 2548 not
1613 2509 1724 2560 keep
1747 2509 1865 2548 them

1030 2568 1142 2607 from
1163 2568 1367 2620 frequent
1385 2566 1606 2618 treachery
1622 2565 1707 2604 and
1723 2565 1867 2604 insub-

1032 2624 1291 2663 ordination.
1345 2623 1440 2661 The
1462 2629 1586 2673 grant
1609 2621 1657 2660 of
1678 2621 1750 2660 the
1773 2621 1866 2660 title

1029 2680 1065 2719 is
1087 2679 1339 2719 mentioned
1371 2679 1413 2718 in
1439 2679 1564 2717 Caes.
1587 2679 1640 2716 B.
1669 2679 1715 2716 G.
1742 2689 1775 2715 1.
1800 2689 1864 2729 33.

1030 2737 1153 2775 With
1177 2736 1249 2775 the
1272 2736 1518 2781 sentiment,
1534 2733 1587 2773 cf.
1604 2735 1726 2772 Fam.
1745 2744 1780 2783 7.
1803 2745 1864 2772 11.

1031 2804 1052 2830 2
1095 2807 1182 2832 una
1225 2794 1406 2831 mercule
1456 2791 1682 2830 conlocutio
1721 2796 1865 2829 nostra

1020 2849 1172 2898 pluris
1211 2850 1294 2886 erit
1329 2861 1456 2899 quam
1500 2861 1641 2885 omnes
1671 2848 1866 2885 Samaro-

1029 2904 1182 2942 brivae.
1198 2927 1252 2931 —
1269 2910 1365 2950 aut,
1379 2910 1458 2941 etc.
1476 2917 1484 2940 :
1517 2903 1614 2942 Ter.
1630 2904 1784 2942 Heaut.
1799 2902 1864 2942 86.

1087 2960 1258 2998 XXVI.
1332 2960 1369 2996 A
1400 2958 1501 2996 villa
1525 2971 1629 2997 near
1658 2958 1864 3004 Ulubrae,

1030 3016 1154 3066 April
1186 3015 1224 3060 8,
1251 3025 1300 3066 53
1334 3024 1415 3052 Bc

1090 3083 1123 3109 1.
1149 3071 1218 3109 sic
1240 3071 1435 3109 habeto:
1454 3069 1540 3108 like
1559 3071 1656 3108 scito
1672 3070 1742 3121 (cf.
1760 3070 1861 3108 Intr.
