2067 3332
121 165 240 202 Fam.
264 174 301 213 7.
325 163 409 216 23.]

697 163 974 204 CICERO'S
1019 164 1307 204 LETTERS.
1820 164 1868 203 11

119 302 228 354 iam
264 319 369 365 me,
396 319 508 354 non
539 303 714 354 multo
744 303 1016 354 minorem
1047 321 1209 371 quam
1245 303 1514 365 Laelium,
1535 303 1699 355 facile
1728 310 1783 355 et
1814 303 1870 354 in

120 410 179 445 re
207 411 256 461 p.
291 401 346 445 et
377 393 433 444 in
462 393 707 446 amicitia
735 393 1058 445 adiunctum
1091 411 1214 445 esse
1243 394 1469 461 patiare.

715 625 810 676 IV.
875 625 1045 695 (Fam.
1082 637 1129 690 7.
1165 626 1276 693 23.)

489 769 719 809 CICERO
763 770 807 809 S.
849 771 903 809 D.
947 771 1007 809 M.
1051 771 1246 810 FADIO
1289 771 1507 811 GALLO.

196 882 443 934 Tantum
487 883 632 950 quod
675 899 741 933 ex
784 882 1049 950 Arpinati
1092 900 1352 934 veneram
1396 901 1522 935 cum
1565 883 1701 934 mihi
1743 900 1774 934 a
1814 891 1871 935 te
1906 903 1921 930 1

118 972 341 1025 litterae
380 973 628 1024 redditae
660 981 806 1035 sunt,
839 974 906 1024 ab
937 974 1244 1041 eodemque
1273 973 1463 1041 accepi
1494 973 1700 1025 Aviani
1728 974 1871 1025 litte-

120 1080 225 1126 raS,
272 1063 328 1114 in
378 1063 578 1131 quibus
629 1064 733 1116 hoc
789 1064 967 1115 inerat
1022 1064 1492 1127 liberalissimum,
1538 1065 1763 1116 nomina
1811 1082 1872 1117 se

119 1154 413 1216 facturum,
461 1172 587 1206 cum
641 1154 909 1217 venisset,
955 1173 1064 1223 qua
1118 1173 1221 1223 ego
1276 1155 1475 1207 vellem
1531 1156 1634 1208 die.

1740 1157 1867 1217 Fae,

120 1261 343 1312 quaeso,
377 1245 472 1312 qui
502 1262 606 1312 ego
637 1263 775 1307 sum,
810 1263 934 1297 esse
963 1254 1048 1298 te:
1092 1254 1252 1297 estne
1285 1254 1379 1297 aut
1409 1247 1491 1297 tui
1521 1247 1746 1314 pudoris
1777 1255 1871 1297 aut

120 1335 298 1386 nostri
327 1335 567 1402 primum
599 1353 793 1403 rogare
823 1337 891 1387 de
922 1337 1026 1398 die,
1061 1337 1262 1388 deinde
1296 1337 1420 1404 plus
1463 1355 1647 1388 annua
1687 1345 1873 1404 postu-

119 1426 232 1477 lare
254 1426 271 1476 ?

358 1425 469 1478 Sed
526 1435 733 1489 essent,
779 1427 854 1478 mi
887 1427 1060 1489 Galle,
1110 1429 1296 1479 omnia
1351 1428 1552 1490 facilia,
1599 1428 1644 1479 si
1699 1436 1753 1479 et
1810 1445 1875 1479 ea

120 1525 399 1569 mercatus
440 1534 593 1569 esses
624 1535 765 1585 quae
795 1535 898 1585 ego
930 1519 1328 1581 desiderabam,
1363 1527 1418 1570 et
1457 1520 1524 1570 ad
1567 1536 1687 1570 eam
1732 1536 1874 1570 sum-

119 1625 264 1659 mam
321 1625 485 1676 quam
540 1608 847 1672 volueram;
905 1629 967 1662 ac
1022 1619 1211 1662 tamen
1268 1611 1377 1662 ista
1431 1610 1565 1677 ipsa,
1621 1626 1763 1677 quae
1816 1617 1874 1661 te

120 1699 323 1750 emisse
367 1699 578 1761 scribiS,
625 1717 736 1751 non
783 1701 962 1753 solum
1006 1710 1125 1753 rata
1167 1701 1302 1752 mihi
1347 1709 1526 1763 erunt,
1566 1702 1662 1752 sed
1705 1700 1872 1752 etiarn

119 1798 299 1859 grata;
357 1790 521 1858 plane
564 1791 712 1842 enim
757 1792 1023 1861 intellego
1067 1801 1124 1844 te
1165 1809 1278 1844 non
1321 1792 1484 1844 modo
1529 1792 1730 1854 studiO,
1777 1792 1875 1843 sed

122 1929 314 1969 Cicero's
350 1929 564 1981 meaning,
598 1930 647 1968 de
681 1931 743 1968 Re
774 1929 879 1967 Pub.
916 1940 948 1966 1.

127 1985 175 2024 18
183 1986 282 2038 suit
300 1986 413 2025 enim
437 1986 511 2024 lzoc
541 1987 587 2024 in
619 1986 805 2024 amicitia
827 1985 954 2036 quasi

123 2041 331 2093 quoddam
356 2042 423 2079 ius
443 2043 556 2080 inter
577 2042 682 2087 illos,
706 2047 754 2079 ut
772 2042 952 2079 militiae

115 2103 291 2151 propter
313 2098 515 2135 eximiam
544 2098 640 2136 belli
660 2098 845 2148 gloriam
875 2098 912 2134 A
906 2098 951 2149 s-

121 2154 318 2191 ricanum
351 2159 401 2191 ut
428 2154 549 2191 deum
584 2154 733 2192 coleret
762 2153 948 2199 Laelius,

120 2210 236 2248 domi
254 2210 439 2248 vicissim
463 2210 674 2255 Laelium,
692 2210 807 2260 quod
821 2213 952 2247 aetate

121 2266 386 2310 antecedebat,
423 2266 658 2304 observaret
686 2267 732 2303 in
755 2265 951 2314 parentis

122 2321 206 2359 loco
235 2321 712 2372 Scipio—Laelium:
739 2319 951 2359 attracted

119 2375 211 2416 into
233 2389 319 2416 acc.
341 2377 398 2430 by
419 2390 513 2417 me.

180 2433 257 2472 IV.
301 2433 454 2480 Rome,
478 2434 528 2473 62
559 2444 641 2473 B.C.
704 2435 764 2473 Μ.
789 2433 951 2473 Fadius

123 2488 276 2528 Gallus
309 2501 393 2529 was
429 2502 455 2528 a
483 2489 685 2541 personal
724 2489 864 2529 friend
905 2489 952 2528 of

121 2544 287 2591 Cicero,
320 2551 366 2584 to
397 2545 540 2584 whom
579 2546 634 2585 he
665 2552 798 2585 wrote
829 2547 949 2584 Fam.

121 2611 158 2649 7.
197 2612 343 2652 23-27.
419 2601 487 2640 Cf.
522 2603 643 2640 Fam.
689 2613 752 2653 13.
797 2612 846 2654 59
885 2602 949 2640 Μ.

121 2657 305 2695 Fadium
353 2658 474 2696 unice
501 2659 654 2708 'dt'lzgro
701 2670 952 2708 summaque

121 2713 232 2750 milti
261 2726 354 2751 cum
393 2726 436 2752 eo
475 2715 723 2753 consuetudo
756 2719 795 2751 et
815 2714 951 2765 sami-

120 2768 291 2806 liaritas
325 2775 386 2806 est
414 2775 626 2819 pervetus.
709 2770 778 2808 He
809 2782 895 2808 was
926 2781 952 2807 a

121 2835 220 2861 man
244 2824 291 2862 of
317 2824 479 2863 artistic
502 2824 587 2863 and
608 2824 779 2877 literary
801 2831 948 2864 tastes.

122 2878 229 2917 Like
262 2880 427 2924 Cicero,
450 2880 504 2919 he
526 2886 659 2918 wrote
681 2893 706 2918 a
727 2881 884 2933 eulogy
905 2879 952 2918 of

122 2934 248 2972 Cato.
309 2935 376 2974 Cf.
402 2936 479 2986 Ep.
505 2936 717 2974 LXXXI.
742 2947 777 2974 2.

181 3001 213 3027 1.
247 2997 435 3030 tantum
459 2992 585 3042 quod
605 3007 612 3030 :
640 2991 886 3042 equivalent
904 2998 949 3030 to

121 3047 381 3084 commodum
398 3059 415 3092 ,·
465 3046 517 3085 cf.
560 3048 646 3085 Att.
693 3057 753 3099 15.
800 3059 862 3099 13.
912 3058 948 3096 7.

38 3107 44 3112 '
122 3101 229 3140 This
271 3114 414 3153 usage,
446 3102 632 3153 perhaps
664 3115 689 3140 a
719 3102 949 3154 colloquial

1045 1939 1141 1975 one,
1187 1927 1365 1968 became
1414 1925 1751 1978 comparatively
1797 1925 1877 1965 fre-

1047 1990 1180 2036 quent
1201 1984 1243 2022 in
1265 1983 1615 2034 post-Augustan
1639 1994 1781 2033 prose,
1803 1995 1874 2032 ag.

1047 2042 1170 2079 navis
1210 2040 1530 2085 Alexandrina,
1570 2051 1677 2089 quae
1709 2042 1873 2076 tantum

1045 2097 1159 2148 quod
1184 2096 1418 2146 appulerat,
1458 2094 1574 2133 Suet.
1607 2095 1716 2144 Aug.
1741 2092 1877 2143 98.—

1046 2151 1292 2203 Arpinati:
1354 2150 1506 2189 Cicero
1549 2148 1760 2188 inherited
1809 2148 1875 2187 his

1044 2209 1145 2247 villa
1175 2214 1220 2246 at
1251 2206 1465 2258 Arpinum
1493 2205 1604 2244 from
1636 2205 1704 2244 his
1733 2204 1876 2243 father

1047 2264 1112 2315 (de
1131 2265 1227 2315 Leg.
1251 2265 1358 2313 Agr.
1381 2274 1417 2314 3.
1439 2261 1497 2313 8).
1551 2262 1622 2300 He
1643 2260 1730 2299 had
1751 2260 1875 2299 fitted

1043 2320 1075 2359 it
1107 2334 1163 2371 up
1194 2320 1235 2358 in
1268 2318 1483 2357 imitation
1516 2317 1563 2356 of
1593 2317 1666 2355 the
1697 2317 1798 2355 villa
1828 2316 1875 2354 of

1043 2377 1217 2416 Atticus
1239 2384 1283 2415 at
1310 2372 1844 2413 Buthrotum.-—Aviani
1865 2386 1873 2409 :

1041 2445 1088 2471 as
1121 2433 1194 2471 the
1229 2432 1378 2484 seque]
1416 2429 1572 2476 shows,
1604 2429 1756 2467 Gallus
1786 2427 1873 2466 had

1041 2488 1167 2527 made
1203 2488 1364 2528 certain
1399 2485 1634 2538 purchases
1664 2484 1712 2522 of
1746 2484 1874 2522 Avia-

1040 2544 1136 2583 nius
1160 2544 1230 2582 for
1254 2544 1420 2590 Cicero,
1440 2541 1525 2581 and
1549 2540 1759 2579 Avianius
1775 2552 1873 2590 gen-

1040 2600 1212 2652 erously
1233 2598 1397 2638 offered
1428 2605 1472 2637 to
1504 2597 1628 2649 delay
1649 2595 1873 2646 recording

1040 2655 1158 2694 them
1182 2656 1288 2694 until
1318 2655 1351 2694 it
1383 2653 1541 2694 should
1571 2653 1657 2692 suit
1680 2651 1872 2690 Cicero's

1039 2711 1328 2757 convenience
1357 2717 1401 2749 to
1435 2723 1529 2762 pay.
1589 2709 1780 2747 Nomina
1799 2708 1872 2759 fa-

1038 2781 1127 2806 cere
1165 2768 1201 2806 is
1232 2780 1257 2805 a
1292 2766 1564 2805 commercial
1607 2764 1869 2816 expression,

1039 2823 1240 2873 meaning
1261 2829 1306 2861 to
1324 2829 1389 2861 set
1412 2821 1535 2860 down
1556 2821 1681 2860 items
1699 2820 1746 2858 of
1767 2819 1870 2858 debt

1038 2878 1081 2917 in
1103 2891 1156 2917 an
1180 2885 1364 2917 account
1386 2876 1520 2915 book.
1535 2900 1591 2905 ——
1609 2888 1777 2928 rogare
1810 2877 1867 2915 de

1039 2935 1114 2973 die
1159 2936 1226 2985 (sc.
1268 2932 1526 2984 solutionis):
1569 2938 1640 2971 ‘to
1682 2932 1760 2971 ask
1800 2932 1870 2970 for

1038 2990 1173 3029 credit
1193 2990 1200 3006 '
1223 2989 1435 3040 (Tyrrell).
1452 3012 1507 3016 ——
1521 3000 1698 3027 annua:
1720 3002 1771 3026 sc.
1790 2989 1866 3026 die.

1037 3046 1171 3084 —mi
1196 3045 1353 3085 Galle:
1387 3043 1440 3084 cf.
1464 3046 1527 3082 mi
1546 3045 1764 3094 Pomponi,
1789 3044 1866 3094 Ep.

1040 3102 1078 3139 X
1103 3115 1141 3139 n.
