2067 3332
196 169 277 209 160
759 169 1034 210 CICERo’s
1077 170 1364 210 LETTERS.
1666 171 1767 224 [Ep.
1790 174 1926 214 XLV.

195 307 346 359 nulla
374 309 533 360 sedes
563 326 670 376 quo
701 317 1033 360 concurrant
1066 310 1158 376 qui
1188 327 1303 361 rem
1333 310 1608 376 publicam
1639 312 1925 364 defensam

192 398 382 450 velint.
465 398 673 465 Apulia
703 399 918 450 delecta
959 407 1059 460 est,
1106 400 1429 451 inanissima
1470 418 1596 467 pars
1637 401 1830 453 Italiae
1872 411 1926 453 et

194 488 262 539 ab
303 488 515 554 impetu
558 489 721 539 huius
764 489 894 540 belli
937 490 1337 551 remotissima3
1381 490 1514 557 fuga
1556 498 1611 541 et
1654 491 1930 543 maritima

194 578 578 644 opportunitas
632 579 750 629 visa
803 579 991 645 quaeri
1046 580 1447 646 desperatione.
1572 581 1753 631 Invite
1807 582 1928 648 cepi

196 667 457 734 Capuam,
503 686 613 719 non
656 686 763 735 quo
807 687 1008 720 munus
1065 669 1198 720 illud
1241 670 1579 736 defugerem,
1627 671 1722 720 sed
1777 671 1927 737 pacis

194 775 373 819 causa,
405 758 460 808 in
491 776 599 825 qua
637 759 819 809 nullus
863 767 1011 810 esset
1056 759 1325 820 ordinum,
1359 760 1542 810 nullus
1573 768 1797 826 apertus
1826 761 1928 827 pri-

193 856 445 898 vatorum
476 848 645 908 dolor,
678 850 944 899 bonorum
977 858 1162 899 autem
1194 857 1341 900 esset
1373 850 1584 916 aliquiS,
1612 851 1708 900 sed
1738 851 1923 912 hebeS,

195 946 252 988 ut
294 938 450 990 solet.
537 938 647 990 Sed
690 946 749 988 ut
794 939 912 1005 ipse
956 939 1106 990 sensi
1145 957 1305 1006 quam
1344 948 1493 990 esset
1535 939 1833 991 multitudo
1872 948 1927 991 et

196 1028 417 1078 infimus
466 1028 700 1094 quisque
749 1045 1058 1094 propensus
1110 1028 1164 1078 in
1213 1029 1442 1079 alteram
1492 1037 1720 1095 partem,
1765 1047 1926 1096 quarn

194 1118 355 1167 multi
396 1118 719 1168 mutationis
763 1135 941 1169 rerum
985 1118 1183 1184 cupidi,
1218 1118 1328 1168 dixi
1371 1119 1477 1184 ipsi
1516 1135 1603 1169 me
1641 1119 1776 1169 nihil
1816 1136 1928 1170 sus-

142 1224 163 1267 5
195 1215 480 1273 ceptururn
512 1207 631 1258 sine
660 1208 932 1274 praesidio
963 1216 1017 1258 et
1058 1208 1176 1258 sine
1206 1209 1454 1274 pecunia.
1540 1209 1732 1275 Itaque
1762 1209 1928 1259 habui

195 1297 330 1347 nihil
373 1297 596 1347 omnino
639 1297 843 1363 negoti,
889 1297 1033 1364 quod
1075 1298 1143 1347 ab
1199 1297 1356 1347 initio
1399 1297 1510 1347 vidi
1564 1297 1715 1347 nihil.
1742 1298 1927 1364 quaeri

196 1395 415 1453 praeter
441 1387 644 1454 fugam.
732 1388 869 1438 Eam
906 1387 951 1437 si
993 1404 1139 1438 nunc
1183 1404 1394 1453 sequor,
1429 1388 1704 1454 quonam?
1787 1387 1926 1438 Cum

197 1477 287 1527 illo
317 1494 453 1539 non3
496 1478 562 1527 ad
591 1494 753 1544 quem
787 1494 911 1528 cum
942 1494 1122 1528 essern
1154 1477 1453 1543 profectUS,
1487 1477 1721 1544 cognovi
1763 1477 1817 1527 in
1861 1477 1926 1528 iis

196 1567 331 1618 locis
386 1584 510 1618 esse
565 1567 858 1618 Caesarem
912 1575 976 1617 -ut
1038 1575 1160 1617 tuto
1231 1567 1520 1618 Luceriam
1575 1567 1762 1617 venire
1817 1584 1926 1617 non

196 1674 432 1723 possem.
545 1657 731 1707 Infero
801 1657 936 1707 mari
1005 1657 1163 1707 nobis
1227 1656 1439 1707 incerto
1507 1673 1685 1717 curSU,
1746 1657 1928 1707 hieme

198 1816 280 1840 non
302 1802 351 1840 id
364 1807 515 1846 actum,
537 1802 650 1839 beata
675 1807 714 1839 et
734 1803 902 1840 honesta
924 1803 1019 1840 civi-

197 1863 261 1895 tas
283 1862 331 1895 ut
348 1863 460 1895 esset.
484 1887 492 1894 .
517 1886 524 1894 .
548 1886 556 1894 .
607 1858 691 1894 Sed
709 1858 853 1895 nentri
872 1857 1020 1895 σκοπὸς

196 1919 255 1951 est
273 1914 344 1951 ille
364 1919 412 1950 ut
431 1926 504 1950 nos
525 1913 631 1950 beati
650 1914 782 1949 simus
796 1925 814 1958 ,·
848 1918 1020 1962 uterque

197 1972 375 2017 regnare
436 1967 888 2006 vult.—defensam
949 1971 1018 2018 (sc.

196 2024 314 2073 esse):
356 2023 407 2061 cf.
445 2023 534 2061 Cic.
571 2024 658 2062 Cat.
693 2035 727 2061 2.
762 2034 809 2071 27
843 2025 1020 2061 monitos

196 2080 319 2117 etiam
342 2085 466 2129 atque
488 2079 611 2116 etiam
645 2079 746 2115 volo.
807 2078 901 2116 The
931 2091 1020 2128 per-

196 2134 283 2172 fect
314 2133 523 2171 infinitive
555 2133 738 2183 passive,
775 2133 943 2185 usually
973 2145 1019 2171 as

198 2189 297 2227 here
330 2189 510 2227 without
544 2202 637 2233 esse,
667 2188 778 2227 after
813 2189 937 2227 verbs
973 2188 1020 2226 of

197 2244 377 2294 wishing
415 2244 659 2295 (especially
694 2243 803 2282 after
837 2244 944 2294 volo)
982 2244 1018 2281 is

198 2312 447 2338 commoner
494 2300 536 2337 in
587 2299 751 2343 Cicero,
791 2299 834 2336 in
874 2299 1018 2337 whose

197 2356 386 2405 writings
408 2355 439 2392 it
462 2367 611 2393 occurs
629 2360 672 2393 at
694 2355 801 2393 least
821 2354 872 2393 26
894 2354 1017 2392 times

200 2411 269 2463 (cf.
304 2411 477 2454 Ziemer,
501 2411 846 2460 smzggrrammat.
873 2409 1019 2460 Streif-

195 2471 306 2516 ziige,
329 2479 397 2515 pp.
421 2465 474 2514 76
494 2464 571 2512 ff),
595 2465 698 2502 than
724 2465 766 2502 in
791 2477 873 2516 any
894 2464 1019 2502 other

197 2521 362 2559 author.
443 2520 483 2558 It
528 2519 735 2558 indicates
778 2520 850 2558 the
890 2520 1018 2570 impa—

197 2577 333 2614 tience
364 2575 464 2613 with
496 2575 631 2613 which
664 2575 736 2613 the
772 2575 1017 2613 realization

197 2631 242 2669 of
277 2644 302 2669 a
332 2630 435 2668 wish
466 2631 501 2669 is
537 2629 728 2669 awaited.
747 2654 799 2658 —-
822 2630 1015 2681 Apulia:

200 2686 424 2737 Pompey's
473 2685 783 2737 headquarters
824 2698 931 2723 were
974 2692 1016 2723 at

199 2741 393 2788 Luceria3
422 2741 474 2779 cf.
509 2742 585 2791 Ep.
612 2740 770 2778 XLIV.
794 2740 877 2778 and
912 2741 1014 2778 Intr.

198 2796 470 2847 29.—cepi‚
513 2796 658 2842 sensi,
703 2796 812 2842 dixi,
854 2796 1013 2842 habui,

195 2852 279 2890 and
310 2852 405 2889 vidi
447 2864 516 2889 are
558 2851 792 2901 preterites.
865 2851 1015 2888 Cicero

195 2907 279 2945 had
308 2906 479 2958 already
503 2905 700 2956 resigned
731 2906 796 2944 his
826 2906 1014 2956 position

194 2969 236 3000 at
270 2963 430 3012 Capua.
492 2962 558 2999 Cf.
592 2963 692 2999 Intr.
719 2972 780 3011 29.
799 2961 1012 3007 —dolor,

192 3018 426 3067 sympathy.
449 3041 503 3044 —
525 3017 779 3055 multitudo
825 3022 870 3054 et
912 3016 1015 3053 infi-

194 3084 302 3110 mus
318 3073 537 3122 quisque:
556 3072 606 3109 cf.
626 3072 1013 3116 Mommsen,Rom.

1107 1802 1216 1840 Hzlrt.
1251 1802 1326 1839 IV.
1359 1811 1466 1853 453:
1502 1801 1578 1839 ‘In
1612 1800 1700 1839 fact
1731 1800 1927 1839 Caesar’s

1106 1856 1384 1895 antecedents
1407 1869 1515 1894 were
1536 1856 1743 1908 anything
1773 1855 1848 1894 but
1871 1869 1928 1894 re-

1106 1912 1314 1962 assuring,
1337 1911 1422 1950 and
1453 1911 1538 1950 still
1569 1912 1653 1950 less
1684 1911 1928 1961 reassuring

1106 1980 1191 2006 was
1215 1967 1287 2005 the
1310 1974 1455 2017 aspect
1477 1966 1524 2004 of
1554 1966 1626 2005 the
1648 1966 1811 2004 retinue
1833 1966 1926 2005 that

1105 2035 1203 2060 now
1224 2021 1493 2061 surrounded
1515 2022 1615 2060 him.
1659 2021 1926 2060 Individuals

1106 2077 1153 2115 of
1192 2077 1264 2116 the
1305 2084 1419 2116 most
1459 2077 1626 2115 broken
1667 2077 1923 2127 reputation,

1104 2133 1330 2171 notorious
1351 2145 1610 2183 personages
1631 2132 1716 2170 like
1736 2132 1925 2180 Quintus

1108 2188 1380 2232 Hortensius,
1414 2187 1548 2226 Gaius
1579 2187 1724 2231 Curio,
1754 2188 1924 2225 Marcus

1106 2243 1392 2281 Antonius—
1409 2242 1481 2281 the
1503 2243 1630 2280 latter
1652 2242 1723 2280 the
1745 2249 1922 2292 stepson

1105 2298 1151 2336 of
1182 2298 1253 2337 the
1277 2297 1553 2336 Catilinarian
1585 2298 1805 2341 Lentulus,
1829 2297 1924 2335 who

1105 2366 1189 2392 was
1230 2352 1435 2392 executed
1483 2353 1538 2405 by
1575 2353 1647 2390 the
1687 2352 1833 2390 orders
1879 2352 1925 2390 of

1105 2409 1257 2447 Cicero
1271 2432 1325 2437 —
1338 2421 1446 2447 were
1460 2408 1532 2446 the
1549 2414 1662 2445 most
1679 2408 1924 2457 prominent

1104 2470 1245 2502 actors
1267 2464 1308 2501 in
1329 2464 1386 2510 it;
1420 2464 1492 2501 the
1523 2463 1693 2512 highest
1724 2469 1845 2512 posts
1877 2462 1924 2500 of

1103 2526 1213 2558 trust
1235 2531 1342 2557 were
1372 2518 1591 2557 bestowed
1622 2530 1677 2555 on
1708 2530 1805 2556 men
1827 2517 1922 2555 who

1104 2574 1187 2612 had
1227 2575 1329 2624 long
1364 2572 1516 2612 ceased
1550 2586 1655 2612 even
1688 2580 1732 2610 to
1764 2572 1921 2610 reckon

1104 2642 1160 2680 up
1194 2629 1302 2667 their
1331 2628 1483 2667 debts.’
1543 2628 1609 2666 Cf.
1642 2628 1733 2665 also
1765 2629 1851 2665 Att.
1883 2638 1920 2676 9.

1107 2696 1166 2736 19.
1194 2696 1295 2722 1.—
1312 2684 1403 2734 ipsi
1424 2699 1431 2721 :
1463 2685 1524 2721 i.e.
1549 2684 1753 2732 Pompeio.

1162 2751 1194 2792 5.
1229 2739 1346 2778 nihil
1379 2768 1388 2776 .
1425 2767 1434 2776 .
1468 2767 1477 2776 .
1511 2739 1704 2789 fugam:
1745 2736 1797 2775 cf.
1834 2738 1918 2774 Att.

1103 2806 1139 2844 7.
1164 2806 1226 2846 23.
1252 2806 1274 2846 3
1295 2795 1409 2845 quod
1433 2795 1601 2844 quaeris
1621 2794 1687 2830 lzic
1708 2793 1815 2842 qnid
1829 2806 1922 2843 aga-

1101 2857 1182 2896 tur,
1215 2856 1295 2887 tota
1341 2851 1485 2899 Capua
1524 2854 1563 2886 et
1594 2849 1724 2885 omnis
1757 2848 1824 2885 laic
1863 2847 1921 2884 di-

1101 2908 1226 2944 lectus
1264 2906 1376 2951 iacet,
1413 2905 1625 2953 desperata
1667 2916 1731 2940 res
1769 2907 1836 2946 est,
1873 2903 1919 2938 in

1088 2961 1200 3010 suga
1241 2974 1381 2999 omnes
1420 2965 1779 2997 surm—essem
1813 2968 1920 3007 pro-

1102 3015 1284 3054 fectus:
1333 3027 1404 3053 see
1444 3013 1597 3052 introd.
1638 3019 1751 3050 note.
1774 3034 1827 3038 —
1847 3011 1920 3049 hi-

1102 3082 1206 3108 eme
1240 3070 1463 3116 maxima,
1488 3071 1533 3107 in
1558 3068 1834 3112 mid-winter;
1866 3065 1918 3103 cf.
