<?xml version="1.0" encoding="UTF-8"?>
<!DOCTYPE html PUBLIC "-//W3C//DTD XHTML 1.0 Transitional//EN"
    "http://www.w3.org/TR/xhtml1/DTD/xhtml1-transitional.dtd">
<html xmlns="http://www.w3.org/1999/xhtml" xml:lang="en" lang="en">
 <head>
  <title>
</title>
<meta http-equiv="Content-Type" content="text/html;charset=utf-8" />
  <meta name='ocr-system' content='tesseract 3.04.00' />
  <meta name='ocr-capabilities' content='ocr_page ocr_carea ocr_par ocr_line ocrx_word'/>
</head>
<body>
  <div class='ocr_page' id='page_1' title='image "./selectedletterso1898cice_0254.png"; bbox 0 0 2067 3332; ppageno 0'>
   <div class='ocr_carea' id='block_1_1' title="bbox 197 171 1929 228">
    <p class='ocr_par' dir='ltr' id='par_1_1' title="bbox 197 171 1929 228">
     <span class='ocr_line' id='line_1_1' title="bbox 197 171 1929 228; baseline 0.002 -17"><span class='ocrx_word' id='word_1_1' title='bbox 197 171 273 214; x_wconf 87' lang='lat'>172</span> <span class='ocrx_word' id='word_1_2' title='bbox 757 175 1035 214; x_wconf 81' lang='lat' dir='ltr'>CICERo‘s</span> <span class='ocrx_word' id='word_1_3' title='bbox 1078 176 1366 215; x_wconf 81' lang='lat' dir='ltr'><strong>LETTERS.</strong></span> <span class='ocrx_word' id='word_1_4' title='bbox 1760 176 1859 228; x_wconf 89' lang='lat' dir='ltr'>[Ep.</span> <span class='ocrx_word' id='word_1_5' title='bbox 1884 178 1929 216; x_wconf 88' lang='lat' dir='ltr'>L.</span> 
     </span>
    </p>
   </div>
   <div class='ocr_carea' id='block_1_2' title="bbox 147 313 1931 1819">
    <p class='ocr_par' dir='ltr' id='par_1_2' title="bbox 147 313 1931 1819">
     <span class='ocr_line' id='line_1_2' title="bbox 195 313 1931 366; baseline 0.002 -4"><span class='ocrx_word' id='word_1_6' title='bbox 195 313 425 363; x_wconf 89' lang='lat' dir='ltr'>eandem</span> <span class='ocrx_word' id='word_1_7' title='bbox 456 313 726 364; x_wconf 90' lang='lat' dir='ltr'>rationem</span> <span class='ocrx_word' id='word_1_8' title='bbox 755 314 876 364; x_wconf 79' lang='lat' dir='ltr'>fore</span> <span class='ocrx_word' id='word_1_9' title='bbox 913 314 1167 365; x_wconf 82' lang='lat' dir='ltr'>Caesaris</span> <span class='ocrx_word' id='word_1_10' title='bbox 1211 315 1266 364; x_wconf 95' lang='lat' dir='ltr'>in</span> <span class='ocrx_word' id='word_1_11' title='bbox 1297 314 1641 365; x_wconf 83' lang='lat' dir='ltr'>dimittendis</span> <span class='ocrx_word' id='word_1_12' title='bbox 1683 316 1931 366; x_wconf 89' lang='lat' dir='ltr'>adversa-</span> 
     </span>
     <span class='ocr_line' id='line_1_3' title="bbox 193 401 1930 464; baseline 0.002 -12"><span class='ocrx_word' id='word_1_13' title='bbox 193 401 288 452; x_wconf 90' lang='lat' dir='ltr'>riis</span> <span class='ocrx_word' id='word_1_14' title='bbox 331 411 385 453; x_wconf 92' lang='lat' dir='ltr'>et</span> <span class='ocrx_word' id='word_1_15' title='bbox 425 403 841 454; x_wconf 83' lang='lat' dir='ltr'>condicionibus</span> <span class='ocrx_word' id='word_1_16' title='bbox 883 403 1143 464; x_wconf 78' lang='lat' dir='ltr'>ferendis,</span> <span class='ocrx_word' id='word_1_17' title='bbox 1178 421 1340 455; x_wconf 83' lang='lat' dir='ltr'>erras,</span> <span class='ocrx_word' id='word_1_18' title='bbox 1427 404 1582 455; x_wconf 93' lang='lat' dir='ltr'>Nihil</span> <span class='ocrx_word' id='word_1_19' title='bbox 1627 405 1734 455; x_wconf 92' lang='lat' dir='ltr'>nisi</span> <span class='ocrx_word' id='word_1_20' title='bbox 1774 413 1930 456; x_wconf 86' lang='lat' dir='ltr'>atrox</span> 
     </span>
     <span class='ocr_line' id='line_1_4' title="bbox 194 493 1930 561; baseline 0.002 -19"><span class='ocrx_word' id='word_1_21' title='bbox 194 499 248 542; x_wconf 92' lang='lat' dir='ltr'>et</span> <span class='ocrx_word' id='word_1_22' title='bbox 279 509 501 543; x_wconf 89' lang='lat' dir='ltr'>saevum</span> <span class='ocrx_word' id='word_1_23' title='bbox 533 493 740 560; x_wconf 79' lang='lat' dir='ltr'>cogitat</span> <span class='ocrx_word' id='word_1_24' title='bbox 769 501 935 560; x_wconf 89' lang='lat' dir='ltr'>atque</span> <span class='ocrx_word' id='word_1_25' title='bbox 965 494 1130 544; x_wconf 92' lang='lat' dir='ltr'>etiam</span> <span class='ocrx_word' id='word_1_26' title='bbox 1160 494 1415 561; x_wconf 88' lang='lat' dir='ltr'>loquitur.</span> <span class='ocrx_word' id='word_1_27' title='bbox 1444 548 1447 550; x_wconf 66' lang='grc'>,</span> <span class='ocrx_word' id='word_1_28' title='bbox 1502 495 1682 545; x_wconf 91' lang='lat' dir='ltr'>Iratus</span> <span class='ocrx_word' id='word_1_29' title='bbox 1713 496 1930 546; x_wconf 90' lang='lat' dir='ltr'>senatui</span> 
     </span>
     <span class='ocr_line' id='line_1_5' title="bbox 194 582 1930 650; baseline 0.002 -18"><span class='ocrx_word' id='word_1_30' title='bbox 194 582 340 643; x_wconf 84' lang='lat' dir='ltr'>exiit,</span> <span class='ocrx_word' id='word_1_31' title='bbox 374 582 459 633; x_wconf 91' lang='lat' dir='ltr'>his</span> <span class='ocrx_word' id='word_1_32' title='bbox 490 582 982 634; x_wconf 78' lang='lat' dir='ltr'>intercessionibus</span> <span class='ocrx_word' id='word_1_33' title='bbox 1025 584 1186 650; x_wconf 89' lang='lat' dir='ltr'>plane</span> <span class='ocrx_word' id='word_1_34' title='bbox 1225 584 1486 635; x_wconf 90' lang='lat' dir='ltr'>incitatus</span> <span class='ocrx_word' id='word_1_35' title='bbox 1530 592 1640 647; x_wconf 90' lang='lat' dir='ltr'>est;</span> <span class='ocrx_word' id='word_1_36' title='bbox 1682 601 1793 635; x_wconf 90' lang='lat' dir='ltr'>non</span> <span class='ocrx_word' id='word_1_37' title='bbox 1822 602 1930 636; x_wconf 92' lang='lat' dir='ltr'>me-</span> 
     </span>
     <span class='ocr_line' id='line_1_6' title="bbox 192 672 1930 740; baseline 0.002 -18"><span class='ocrx_word' id='word_1_38' title='bbox 192 672 444 723; x_wconf 87' lang='lat' dir='ltr'>hercules</span> <span class='ocrx_word' id='word_1_39' title='bbox 487 672 590 723; x_wconf 91' lang='lat' dir='ltr'>erit</span> <span class='ocrx_word' id='word_1_40' title='bbox 632 673 1010 739; x_wconf 77' lang='lat' dir='ltr'>deprecationi</span> <span class='ocrx_word' id='word_1_41' title='bbox 1052 674 1220 725; x_wconf 80' lang='lat' dir='ltr'>locus,</span> <span class='ocrx_word' id='word_1_42' title='bbox 1307 673 1508 740; x_wconf 75' lang='lat' dir='ltr'>Quare,</span> <span class='ocrx_word' id='word_1_43' title='bbox 1542 674 1588 724; x_wconf 92' lang='lat' dir='ltr'>si</span> <span class='ocrx_word' id='word_1_44' title='bbox 1630 673 1732 724; x_wconf 88' lang='lat' dir='ltr'>tibi</span> <span class='ocrx_word' id='word_1_45' title='bbox 1773 682 1849 735; x_wconf 78' lang='lat' dir='ltr'>tn,</span> <span class='ocrx_word' id='word_1_46' title='bbox 1884 675 1930 725; x_wconf 91' lang='lat' dir='ltr'>si</span> 
     </span>
     <span class='ocr_line' id='line_1_7' title="bbox 192 762 1929 831; baseline 0.002 -20"><span class='ocrx_word' id='word_1_47' title='bbox 192 762 334 812; x_wconf 90' lang='lat' dir='ltr'>filius</span> <span class='ocrx_word' id='word_1_48' title='bbox 364 762 574 823; x_wconf 81' lang='lat' dir='ltr'>uniCUS,</span> <span class='ocrx_word' id='word_1_49' title='bbox 609 763 654 813; x_wconf 93' lang='lat' dir='ltr'>si</span> <span class='ocrx_word' id='word_1_50' title='bbox 684 763 896 823; x_wconf 80' lang='lat' dir='ltr'>domUS,</span> <span class='ocrx_word' id='word_1_51' title='bbox 930 763 976 814; x_wconf 89' lang='lat' dir='ltr'>si</span> <span class='ocrx_word' id='word_1_52' title='bbox 1005 780 1132 830; x_wconf 90' lang='lat' dir='ltr'>spes</span> <span class='ocrx_word' id='word_1_53' title='bbox 1173 771 1301 814; x_wconf 92' lang='lat' dir='ltr'>tuae</span> <span class='ocrx_word' id='word_1_54' title='bbox 1344 764 1585 831; x_wconf 89' lang='lat' dir='ltr'>reliquae</span> <span class='ocrx_word' id='word_1_55' title='bbox 1627 763 1730 814; x_wconf 92' lang='lat' dir='ltr'>tibi</span> <span class='ocrx_word' id='word_1_56' title='bbox 1773 781 1929 815; x_wconf 91' lang='lat' dir='ltr'>carae</span> 
     </span>
     <span class='ocr_line' id='line_1_8' title="bbox 192 852 1924 920; baseline 0.002 -19"><span class='ocrx_word' id='word_1_57' title='bbox 192 859 337 913; x_wconf 89' lang='lat' dir='ltr'>sunt,</span> <span class='ocrx_word' id='word_1_58' title='bbox 371 852 415 902; x_wconf 92' lang='lat' dir='ltr'>si</span> <span class='ocrx_word' id='word_1_59' title='bbox 444 852 646 919; x_wconf 89' lang='lat' dir='ltr'>aliquid</span> <span class='ocrx_word' id='word_1_60' title='bbox 677 853 821 919; x_wconf 89' lang='lat' dir='ltr'>apud</span> <span class='ocrx_word' id='word_1_61' title='bbox 851 860 907 903; x_wconf 90' lang='lat' dir='ltr'>te</span> <span class='ocrx_word' id='word_1_62' title='bbox 946 870 1062 914; x_wconf 93' lang='lat' dir='ltr'>nos,</span> <span class='ocrx_word' id='word_1_63' title='bbox 1097 853 1143 904; x_wconf 95' lang='lat' dir='ltr'>si</span> <span class='ocrx_word' id='word_1_64' title='bbox 1171 853 1254 904; x_wconf 85' lang='lat' dir='ltr'>vir</span> <span class='ocrx_word' id='word_1_65' title='bbox 1292 853 1550 920; x_wconf 80' lang='lat' dir='ltr'>optimUS,</span> <span class='ocrx_word' id='word_1_66' title='bbox 1582 870 1754 920; x_wconf 90' lang='lat' dir='ltr'>gener</span> <span class='ocrx_word' id='word_1_67' title='bbox 1781 862 1924 915; x_wconf 89' lang='lat' dir='ltr'>tuus,</span> 
     </span>
     <span class='ocr_line' id='line_1_9' title="bbox 191 942 1924 1008; baseline 0.002 -17"><span class='ocrx_word' id='word_1_68' title='bbox 191 942 452 1003; x_wconf 80' lang='lat' dir='ltr'>valemUS,</span> <span class='ocrx_word' id='word_1_69' title='bbox 484 959 715 1008; x_wconf 87' lang='lat' dir='ltr'>quorum</span> <span class='ocrx_word' id='word_1_70' title='bbox 743 943 1025 993; x_wconf 81' lang='lat' dir='ltr'>fortunam</span> <span class='ocrx_word' id='word_1_71' title='bbox 1056 961 1167 994; x_wconf 91' lang='lat' dir='ltr'>non</span> <span class='ocrx_word' id='word_1_72' title='bbox 1198 944 1366 994; x_wconf 91' lang='lat' dir='ltr'>debes</span> <span class='ocrx_word' id='word_1_73' title='bbox 1396 944 1537 994; x_wconf 89' lang='lat' dir='ltr'>velle</span> <span class='ocrx_word' id='word_1_74' title='bbox 1579 944 1924 1005; x_wconf 89' lang='lat' dir='ltr'>conturbare,</span> 
     </span>
     <span class='ocr_line' id='line_1_10' title="bbox 191 1033 1923 1100; baseline 0.002 -19"><span class='ocrx_word' id='word_1_75' title='bbox 191 1039 251 1081; x_wconf 93' lang='lat' dir='ltr'>ut</span> <span class='ocrx_word' id='word_1_76' title='bbox 301 1049 420 1082; x_wconf 92' lang='lat' dir='ltr'>eam</span> <span class='ocrx_word' id='word_1_77' title='bbox 470 1049 705 1094; x_wconf 88' lang='lat' dir='ltr'>causam,</span> <span class='ocrx_word' id='word_1_78' title='bbox 752 1033 808 1083; x_wconf 93' lang='lat' dir='ltr'>in</span> <span class='ocrx_word' id='word_1_79' title='bbox 856 1033 1051 1100; x_wconf 87' lang='lat' dir='ltr'>quoius</span> <span class='ocrx_word' id='word_1_80' title='bbox 1094 1033 1324 1084; x_wconf 89' lang='lat' dir='ltr'>victoria</span> <span class='ocrx_word' id='word_1_81' title='bbox 1379 1033 1524 1083; x_wconf 91' lang='lat' dir='ltr'>salus</span> <span class='ocrx_word' id='word_1_82' title='bbox 1579 1041 1769 1084; x_wconf 91' lang='lat' dir='ltr'>nostra</span> <span class='ocrx_word' id='word_1_83' title='bbox 1823 1041 1923 1094; x_wconf 88' lang='lat' dir='ltr'>est,</span> 
     </span>
     <span class='ocr_line' id='line_1_11' title="bbox 147 1121 1926 1190; baseline 0.002 -19"><span class='ocrx_word' id='word_1_84' title='bbox 147 1151 152 1154; x_wconf 97' lang='lat'>-</span> <span class='ocrx_word' id='word_1_85' title='bbox 191 1121 373 1172; x_wconf 92' lang='lat' dir='ltr'>odisse</span> <span class='ocrx_word' id='word_1_86' title='bbox 404 1130 496 1172; x_wconf 89' lang='lat' dir='ltr'>aut</span> <span class='ocrx_word' id='word_1_87' title='bbox 527 1122 838 1189; x_wconf 90' lang='lat' dir='ltr'>relinquere</span> <span class='ocrx_word' id='word_1_88' title='bbox 869 1140 1131 1190; x_wconf 78' lang='lat' dir='ltr'>cogamur</span> <span class='ocrx_word' id='word_1_89' title='bbox 1167 1131 1260 1174; x_wconf 88' lang='lat' dir='ltr'>aut</span> <span class='ocrx_word' id='word_1_90' title='bbox 1303 1123 1525 1189; x_wconf 88' lang='lat' dir='ltr'>impiam</span> <span class='ocrx_word' id='word_1_91' title='bbox 1569 1123 1926 1189; x_wconf 88' lang='lat' dir='ltr'>cupiditatem</span> 
     </span>
     <span class='ocr_line' id='line_1_12' title="bbox 192 1212 1924 1279; baseline 0.002 -18"><span class='ocrx_word' id='word_1_92' title='bbox 192 1219 385 1262; x_wconf 90' lang='lat' dir='ltr'>contra</span> <span class='ocrx_word' id='word_1_93' title='bbox 415 1212 648 1262; x_wconf 90' lang='lat' dir='ltr'>salutem</span> <span class='ocrx_word' id='word_1_94' title='bbox 679 1220 831 1263; x_wconf 89' lang='lat' dir='ltr'>tuam</span> <span class='ocrx_word' id='word_1_95' title='bbox 862 1213 1162 1264; x_wconf 89' lang='lat' dir='ltr'>habeamus</span> <span class='ocrx_word' id='word_1_96' title='bbox 1181 1213 1508 1279; x_wconf 88' lang='lat' dir='ltr'>—denique</span> <span class='ocrx_word' id='word_1_97' title='bbox 1550 1212 1681 1263; x_wconf 93' lang='lat' dir='ltr'>illud</span> <span class='ocrx_word' id='word_1_98' title='bbox 1726 1213 1924 1279; x_wconf 91' lang='lat' dir='ltr'>cogita,</span> 
     </span>
     <span class='ocr_line' id='line_1_13' title="bbox 191 1302 1927 1368; baseline 0.002 -17"><span class='ocrx_word' id='word_1_99' title='bbox 191 1303 335 1368; x_wconf 90' lang='lat' dir='ltr'>quod</span> <span class='ocrx_word' id='word_1_100' title='bbox 378 1302 626 1352; x_wconf 86' lang='lat' dir='ltr'>offensae</span> <span class='ocrx_word' id='word_1_101' title='bbox 667 1302 834 1353; x_wconf 78' lang='lat' dir='ltr'>fuerit</span> <span class='ocrx_word' id='word_1_102' title='bbox 885 1303 941 1353; x_wconf 92' lang='lat' dir='ltr'>in</span> <span class='ocrx_word' id='word_1_103' title='bbox 996 1303 1104 1353; x_wconf 90' lang='lat' dir='ltr'>ista</span> <span class='ocrx_word' id='word_1_104' title='bbox 1158 1303 1529 1363; x_wconf 86' lang='lat' dir='ltr'>cunctatione,</span> <span class='ocrx_word' id='word_1_105' title='bbox 1575 1310 1632 1353; x_wconf 93' lang='lat' dir='ltr'>te</span> <span class='ocrx_word' id='word_1_106' title='bbox 1687 1303 1927 1366; x_wconf 92' lang='lat' dir='ltr'>subisse;</span> 
     </span>
     <span class='ocr_line' id='line_1_14' title="bbox 191 1392 1926 1459; baseline 0.001 -18"><span class='ocrx_word' id='word_1_107' title='bbox 191 1409 337 1442; x_wconf 90' lang='lat' dir='ltr'>nunc</span> <span class='ocrx_word' id='word_1_108' title='bbox 366 1399 423 1442; x_wconf 89' lang='lat' dir='ltr'>te</span> <span class='ocrx_word' id='word_1_109' title='bbox 453 1400 646 1442; x_wconf 90' lang='lat' dir='ltr'>contra</span> <span class='ocrx_word' id='word_1_110' title='bbox 672 1392 940 1443; x_wconf 89' lang='lat' dir='ltr'>victorem</span> <span class='ocrx_word' id='word_1_111' title='bbox 987 1393 1280 1444; x_wconf 90' lang='lat' dir='ltr'>Caesarem</span> <span class='ocrx_word' id='word_1_112' title='bbox 1322 1393 1522 1454; x_wconf 84' lang='lat' dir='ltr'>facere,</span> <span class='ocrx_word' id='word_1_113' title='bbox 1556 1409 1716 1459; x_wconf 90' lang='lat' dir='ltr'>quem</span> <span class='ocrx_word' id='word_1_114' title='bbox 1747 1393 1926 1444; x_wconf 89' lang='lat' dir='ltr'>dubiis</span> 
     </span>
     <span class='ocr_line' id='line_1_15' title="bbox 191 1482 1926 1549; baseline 0.001 -18"><span class='ocrx_word' id='word_1_115' title='bbox 191 1482 354 1532; x_wconf 89' lang='lat' dir='ltr'>rebus</span> <span class='ocrx_word' id='word_1_116' title='bbox 384 1482 601 1532; x_wconf 89' lang='lat' dir='ltr'>laedere</span> <span class='ocrx_word' id='word_1_117' title='bbox 630 1483 871 1543; x_wconf 90' lang='lat' dir='ltr'>noluisti,</span> <span class='ocrx_word' id='word_1_118' title='bbox 905 1490 958 1533; x_wconf 86' lang='lat' dir='ltr'>et</span> <span class='ocrx_word' id='word_1_119' title='bbox 989 1484 1056 1533; x_wconf 92' lang='lat' dir='ltr'>ad</span> <span class='ocrx_word' id='word_1_120' title='bbox 1099 1500 1192 1534; x_wconf 93' lang='lat' dir='ltr'>eos</span> <span class='ocrx_word' id='word_1_121' title='bbox 1234 1483 1456 1549; x_wconf 81' lang='lat' dir='ltr'>fugatos</span> <span class='ocrx_word' id='word_1_122' title='bbox 1499 1483 1761 1534; x_wconf 90' lang='lat' dir='ltr'>accedere</span> <span class='ocrx_word' id='word_1_123' title='bbox 1790 1500 1926 1549; x_wconf 92' lang='lat' dir='ltr'>quos</span> 
     </span>
     <span class='ocr_line' id='line_1_16' title="bbox 192 1572 1926 1639; baseline 0.001 -18"><span class='ocrx_word' id='word_1_124' title='bbox 192 1572 504 1622; x_wconf 89' lang='lat' dir='ltr'>resistentis</span> <span class='ocrx_word' id='word_1_125' title='bbox 535 1572 689 1639; x_wconf 90' lang='lat' dir='ltr'>sequi</span> <span class='ocrx_word' id='word_1_126' title='bbox 719 1573 975 1633; x_wconf 89' lang='lat' dir='ltr'>nolueris,</span> <span class='ocrx_word' id='word_1_127' title='bbox 1010 1589 1256 1623; x_wconf 89' lang='lat' dir='ltr'>summae</span> <span class='ocrx_word' id='word_1_128' title='bbox 1286 1572 1557 1623; x_wconf 88' lang='lat' dir='ltr'>stultitiae</span> <span class='ocrx_word' id='word_1_129' title='bbox 1599 1581 1697 1624; x_wconf 84' lang='lat' dir='ltr'>est.</span> <span class='ocrx_word' id='word_1_130' title='bbox 1783 1572 1926 1623; x_wconf 83' lang='lat' dir='ltr'>Vide</span> 
     </span>
     <span class='ocr_line' id='line_1_17' title="bbox 191 1662 1927 1729; baseline 0.001 -18"><span class='ocrx_word' id='word_1_131' title='bbox 191 1678 276 1722; x_wconf 91' lang='lat' dir='ltr'>ne,</span> <span class='ocrx_word' id='word_1_132' title='bbox 314 1663 442 1711; x_wconf 87' lang='lat' dir='ltr'>dum</span> <span class='ocrx_word' id='word_1_133' title='bbox 486 1663 655 1727; x_wconf 90' lang='lat' dir='ltr'>pudet</span> <span class='ocrx_word' id='word_1_134' title='bbox 697 1670 753 1712; x_wconf 92' lang='lat' dir='ltr'>te</span> <span class='ocrx_word' id='word_1_135' title='bbox 796 1679 986 1728; x_wconf 88' lang='lat' dir='ltr'>parum</span> <span class='ocrx_word' id='word_1_136' title='bbox 1030 1662 1353 1728; x_wconf 89' lang='lat' dir='ltr'>optimatem</span> <span class='ocrx_word' id='word_1_137' title='bbox 1396 1679 1535 1724; x_wconf 91' lang='lat' dir='ltr'>esse,</span> <span class='ocrx_word' id='word_1_138' title='bbox 1579 1679 1769 1729; x_wconf 92' lang='lat' dir='ltr'>parum</span> <span class='ocrx_word' id='word_1_139' title='bbox 1812 1662 1927 1713; x_wconf 93' lang='lat' dir='ltr'>dili-</span> 
     </span>
     <span class='ocr_line' id='line_1_18' title="bbox 191 1751 1925 1819; baseline 0 -17"><span class='ocrx_word' id='word_1_140' title='bbox 191 1760 390 1818; x_wconf 86' lang='lat' dir='ltr'>genter</span> <span class='ocrx_word' id='word_1_141' title='bbox 430 1752 558 1818; x_wconf 89' lang='lat' dir='ltr'>quid</span> <span class='ocrx_word' id='word_1_142' title='bbox 600 1752 868 1818; x_wconf 88' lang='lat' dir='ltr'>optimum</span> <span class='ocrx_word' id='word_1_143' title='bbox 913 1752 982 1802; x_wconf 90' lang='lat' dir='ltr'>sit</span> <span class='ocrx_word' id='word_1_144' title='bbox 1027 1753 1213 1819; x_wconf 90' lang='lat' dir='ltr'>eligas.</span> <span class='ocrx_word' id='word_1_145' title='bbox 1311 1752 1475 1819; x_wconf 75' lang='lat' dir='ltr'>Quod</span> <span class='ocrx_word' id='word_1_146' title='bbox 1516 1752 1562 1802; x_wconf 92' lang='lat' dir='ltr'>si</span> <span class='ocrx_word' id='word_1_147' title='bbox 1602 1760 1781 1802; x_wconf 89' lang='lat' dir='ltr'>totum</span> <span class='ocrx_word' id='word_1_148' title='bbox 1823 1751 1925 1803; x_wconf 90' lang='lat' dir='ltr'>tibi</span> 
     </span>
    </p>
   </div>
   <div class='ocr_carea' id='block_1_3' title="bbox 190 1918 1017 2013">
    <p class='ocr_par' dir='ltr' id='par_1_3' title="bbox 190 1918 1017 2013">
     <span class='ocr_line' id='line_1_19' title="bbox 190 1918 1013 1972; baseline 0 -15"><span class='ocrx_word' id='word_1_149' title='bbox 190 1920 315 1957; x_wconf 85' lang='lat' dir='ltr'>tisclze</span> <span class='ocrx_word' id='word_1_150' title='bbox 334 1920 581 1972; x_wconf 76' lang='lat' dir='ltr'>Strezfziige‚</span> <span class='ocrx_word' id='word_1_151' title='bbox 605 1918 657 1958; x_wconf 81' lang='lat'>60</span> <span class='ocrx_word' id='word_1_152' title='bbox 684 1918 730 1957; x_wconf 85' lang='lat' dir='ltr'>ff.</span> <span class='ocrx_word' id='word_1_153' title='bbox 745 1919 1013 1957; x_wconf 86' lang='lat' dir='ltr'>—eandem</span> 
     </span>
     <span class='ocr_line' id='line_1_20' title="bbox 191 1974 1017 2013; baseline -0.001 -1"><span class='ocrx_word' id='word_1_154' title='bbox 191 1975 452 2013; x_wconf 84' lang='lat' dir='ltr'>rationem:</span> <span class='ocrx_word' id='word_1_155' title='bbox 494 1976 554 2012; x_wconf 86' lang='lat' dir='ltr'>i.e.</span> <span class='ocrx_word' id='word_1_156' title='bbox 587 1987 633 2013; x_wconf 88' lang='lat' dir='ltr'>as</span> <span class='ocrx_word' id='word_1_157' title='bbox 669 1975 711 2012; x_wconf 92' lang='lat' dir='ltr'>in</span> <span class='ocrx_word' id='word_1_158' title='bbox 742 1974 814 2013; x_wconf 91' lang='lat' dir='ltr'>the</span> <span class='ocrx_word' id='word_1_159' title='bbox 843 1987 939 2013; x_wconf 87' lang='lat' dir='ltr'>case</span> <span class='ocrx_word' id='word_1_160' title='bbox 970 1974 1017 2012; x_wconf 81' lang='lat' dir='ltr'>of</span> 
     </span>
    </p>
   </div>
   <div class='ocr_carea' id='block_1_4' title="bbox 1100 1919 1922 2025">
    <p class='ocr_par' dir='ltr' id='par_1_4' title="bbox 1100 1919 1922 2025">
     <span class='ocr_line' id='line_1_21' title="bbox 1101 1919 1917 1970; baseline 0.002 -14"><span class='ocrx_word' id='word_1_161' title='bbox 1101 1919 1304 1970; x_wconf 79' lang='lat' dir='ltr'>quicquid</span> <span class='ocrx_word' id='word_1_162' title='bbox 1329 1919 1440 1957; x_wconf 68' lang='lat' dir='ltr'>milei</span> <span class='ocrx_word' id='word_1_163' title='bbox 1457 1920 1657 1968; x_wconf 78' lang='lat' dir='ltr'>placeret,</span> <span class='ocrx_word' id='word_1_164' title='bbox 1688 1920 1737 1957; x_wconf 83' lang='lat' dir='ltr'>id</span> <span class='ocrx_word' id='word_1_165' title='bbox 1762 1924 1917 1958; x_wconf 88' lang='lat' dir='ltr'>rectum</span> 
     </span>
     <span class='ocr_line' id='line_1_22' title="bbox 1100 1975 1922 2025; baseline 0.001 -14"><span class='ocrx_word' id='word_1_166' title='bbox 1100 1988 1141 2012; x_wconf 90' lang='lat' dir='ltr'>se</span> <span class='ocrx_word' id='word_1_167' title='bbox 1161 1980 1317 2024; x_wconf 72' lang='lat' dir='ltr'>putare</span> <span class='ocrx_word' id='word_1_168' title='bbox 1345 1976 1487 2020; x_wconf 77' lang='lat' dir='ltr'>aiebat,</span> <span class='ocrx_word' id='word_1_169' title='bbox 1519 1975 1568 2012; x_wconf 77' lang='lat' dir='ltr'>id</span> <span class='ocrx_word' id='word_1_170' title='bbox 1592 1976 1736 2012; x_wconf 78' lang='lat' dir='ltr'>animo</span> <span class='ocrx_word' id='word_1_171' title='bbox 1764 1976 1922 2025; x_wconf 83' lang='lat' dir='ltr'>aequis-</span> 
     </span>
    </p>
   </div>
   <div class='ocr_carea' id='block_1_5' title="bbox 188 2029 1018 3129">
    <p class='ocr_par' dir='ltr' id='par_1_5' title="bbox 190 2029 1015 2633">
     <span class='ocr_line' id='line_1_23' title="bbox 193 2029 1013 2068; baseline -0.001 0"><span class='ocrx_word' id='word_1_172' title='bbox 193 2030 413 2068; x_wconf 83' lang='lat' dir='ltr'>Domitius</span> <span class='ocrx_word' id='word_1_173' title='bbox 453 2037 496 2068; x_wconf 87' lang='lat' dir='ltr'>at</span> <span class='ocrx_word' id='word_1_174' title='bbox 537 2029 786 2067; x_wconf 91' lang='lat' dir='ltr'>Corfinium.</span> <span class='ocrx_word' id='word_1_175' title='bbox 809 2054 865 2058; x_wconf 96' lang='lat'>—</span> <span class='ocrx_word' id='word_1_176' title='bbox 896 2029 1013 2068; x_wconf 86' lang='lat' dir='ltr'>nihil</span> 
     </span>
     <span class='ocr_line' id='line_1_24' title="bbox 192 2086 1015 2136; baseline -0.001 -13"><span class='ocrx_word' id='word_1_177' title='bbox 192 2086 395 2136; x_wconf 88' lang='lat' dir='ltr'>cogitat:</span> <span class='ocrx_word' id='word_1_178' title='bbox 436 2098 507 2124; x_wconf 89' lang='lat' dir='ltr'>see</span> <span class='ocrx_word' id='word_1_179' title='bbox 538 2092 640 2136; x_wconf 86' lang='lat' dir='ltr'>note</span> <span class='ocrx_word' id='word_1_180' title='bbox 681 2097 737 2122; x_wconf 92' lang='lat' dir='ltr'>on</span> <span class='ocrx_word' id='word_1_181' title='bbox 774 2086 890 2123; x_wconf 77' lang='lat' dir='ltr'>m&#39;lzz&#39;l</span> <span class='ocrx_word' id='word_1_182' title='bbox 928 2086 1015 2123; x_wconf 81' lang='lat' dir='ltr'>m&#39;si</span> 
     </span>
     <span class='ocr_line' id='line_1_25' title="bbox 190 2140 1011 2186; baseline -0.001 -8"><span class='ocrx_word' id='word_1_183' title='bbox 190 2142 318 2186; x_wconf 85' lang='lat' dir='ltr'>triste,</span> <span class='ocrx_word' id='word_1_184' title='bbox 349 2140 498 2179; x_wconf 87' lang='lat' dir='ltr'>above.</span> <span class='ocrx_word' id='word_1_185' title='bbox 516 2164 571 2169; x_wconf 88' lang='lat'>——</span> <span class='ocrx_word' id='word_1_186' title='bbox 587 2140 715 2178; x_wconf 85' lang='lat' dir='ltr'>exiit:</span> <span class='ocrx_word' id='word_1_187' title='bbox 746 2154 798 2178; x_wconf 85' lang='lat' dir='ltr'>sc.</span> <span class='ocrx_word' id='word_1_188' title='bbox 819 2154 871 2179; x_wconf 86' lang='lat' dir='ltr'>ex</span> <span class='ocrx_word' id='word_1_189' title='bbox 892 2141 1011 2184; x_wconf 83' lang='lat' dir='ltr'>urbe;</span> 
     </span>
     <span class='ocr_line' id='line_1_26' title="bbox 190 2195 1011 2245; baseline -0.002 -11"><span class='ocrx_word' id='word_1_190' title='bbox 190 2196 260 2234; x_wconf 85' lang='lat' dir='ltr'>for</span> <span class='ocrx_word' id='word_1_191' title='bbox 281 2196 353 2234; x_wconf 87' lang='lat' dir='ltr'>the</span> <span class='ocrx_word' id='word_1_192' title='bbox 378 2208 532 2234; x_wconf 89' lang='lat' dir='ltr'>reason</span> <span class='ocrx_word' id='word_1_193' title='bbox 564 2195 610 2233; x_wconf 84' lang='lat' dir='ltr'>of</span> <span class='ocrx_word' id='word_1_194' title='bbox 642 2195 837 2233; x_wconf 90' lang='lat' dir='ltr'>Caesar’s</span> <span class='ocrx_word' id='word_1_195' title='bbox 868 2208 1011 2245; x_wconf 86' lang='lat' dir='ltr'>anger,</span> 
     </span>
     <span class='ocr_line' id='line_1_27' title="bbox 191 2251 1012 2302; baseline 0 -13"><span class='ocrx_word' id='word_1_196' title='bbox 191 2264 262 2289; x_wconf 89' lang='lat' dir='ltr'>see</span> <span class='ocrx_word' id='word_1_197' title='bbox 303 2252 427 2289; x_wconf 87' lang='lat' dir='ltr'>Caes.</span> <span class='ocrx_word' id='word_1_198' title='bbox 469 2252 520 2288; x_wconf 85' lang='lat' dir='ltr'>B.</span> <span class='ocrx_word' id='word_1_199' title='bbox 563 2252 605 2289; x_wconf 89' lang='lat' dir='ltr'>C.</span> <span class='ocrx_word' id='word_1_200' title='bbox 647 2262 679 2288; x_wconf 93' lang='lat'>1.</span> <span class='ocrx_word' id='word_1_201' title='bbox 717 2262 780 2302; x_wconf 86' lang='lat'>33.</span> <span class='ocrx_word' id='word_1_202' title='bbox 796 2274 850 2278; x_wconf 90' lang='lat'>—-</span> <span class='ocrx_word' id='word_1_203' title='bbox 867 2251 1012 2289; x_wconf 88' lang='lat' dir='ltr'>inter-</span> 
     </span>
     <span class='ocr_line' id='line_1_28' title="bbox 192 2305 1013 2345; baseline 0 -1"><span class='ocrx_word' id='word_1_204' title='bbox 192 2306 492 2345; x_wconf 89' lang='lat' dir='ltr'>cessionibus</span> <span class='ocrx_word' id='word_1_205' title='bbox 514 2320 521 2343; x_wconf 94' lang='lat'><strong>:</strong></span> <span class='ocrx_word' id='word_1_206' title='bbox 553 2306 626 2344; x_wconf 87' lang='lat' dir='ltr'>the</span> <span class='ocrx_word' id='word_1_207' title='bbox 652 2305 821 2344; x_wconf 89' lang='lat' dir='ltr'>tribune</span> <span class='ocrx_word' id='word_1_208' title='bbox 855 2307 900 2343; x_wconf 94' lang='lat' dir='ltr'>L.</span> <span class='ocrx_word' id='word_1_209' title='bbox 926 2307 1013 2344; x_wconf 93' lang='lat' dir='ltr'>Me-</span> 
     </span>
     <span class='ocr_line' id='line_1_29' title="bbox 191 2360 1013 2400; baseline -0.002 0"><span class='ocrx_word' id='word_1_210' title='bbox 191 2362 318 2400; x_wconf 90' lang='lat' dir='ltr'>tellus</span> <span class='ocrx_word' id='word_1_211' title='bbox 356 2360 538 2399; x_wconf 82' lang='lat' dir='ltr'>forbade</span> <span class='ocrx_word' id='word_1_212' title='bbox 583 2361 778 2400; x_wconf 90' lang='lat' dir='ltr'>Caesar’s</span> <span class='ocrx_word' id='word_1_213' title='bbox 823 2361 1013 2399; x_wconf 87' lang='lat' dir='ltr'>removal</span> 
     </span>
     <span class='ocr_line' id='line_1_30' title="bbox 192 2416 1015 2466; baseline -0.001 -12"><span class='ocrx_word' id='word_1_214' title='bbox 192 2417 239 2454; x_wconf 87' lang='lat' dir='ltr'>of</span> <span class='ocrx_word' id='word_1_215' title='bbox 259 2417 331 2454; x_wconf 88' lang='lat' dir='ltr'>the</span> <span class='ocrx_word' id='word_1_216' title='bbox 349 2424 538 2455; x_wconf 88' lang='lat' dir='ltr'>treasure</span> <span class='ocrx_word' id='word_1_217' title='bbox 558 2416 671 2454; x_wconf 85' lang='lat' dir='ltr'>from</span> <span class='ocrx_word' id='word_1_218' title='bbox 693 2417 766 2455; x_wconf 88' lang='lat' dir='ltr'>the</span> <span class='ocrx_word' id='word_1_219' title='bbox 788 2417 947 2466; x_wconf 87' lang='lat' dir='ltr'>temple</span> <span class='ocrx_word' id='word_1_220' title='bbox 969 2416 1015 2453; x_wconf 88' lang='lat' dir='ltr'>of</span> 
     </span>
     <span class='ocr_line' id='line_1_31' title="bbox 194 2471 1013 2522; baseline -0.001 -13"><span class='ocrx_word' id='word_1_221' title='bbox 194 2472 363 2517; x_wconf 88' lang='lat' dir='ltr'>Saturn‚</span> <span class='ocrx_word' id='word_1_222' title='bbox 386 2471 470 2510; x_wconf 90' lang='lat' dir='ltr'>and</span> <span class='ocrx_word' id='word_1_223' title='bbox 492 2471 688 2522; x_wconf 89' lang='lat' dir='ltr'>opposed</span> <span class='ocrx_word' id='word_1_224' title='bbox 710 2472 764 2509; x_wconf 92' lang='lat' dir='ltr'>all</span> <span class='ocrx_word' id='word_1_225' title='bbox 796 2472 862 2510; x_wconf 92' lang='lat' dir='ltr'>his</span> <span class='ocrx_word' id='word_1_226' title='bbox 890 2472 1013 2522; x_wconf 91' lang='lat' dir='ltr'>plans</span> 
     </span>
     <span class='ocr_line' id='line_1_32' title="bbox 191 2525 1012 2566; baseline -0.002 -1"><span class='ocrx_word' id='word_1_227' title='bbox 191 2528 233 2565; x_wconf 88' lang='lat' dir='ltr'>in</span> <span class='ocrx_word' id='word_1_228' title='bbox 259 2527 330 2565; x_wconf 86' lang='lat' dir='ltr'>the</span> <span class='ocrx_word' id='word_1_229' title='bbox 361 2534 519 2566; x_wconf 85' lang='lat' dir='ltr'>senate.</span> <span class='ocrx_word' id='word_1_230' title='bbox 537 2527 904 2566; x_wconf 87' lang='lat' dir='ltr'>——rnehercules</span> <span class='ocrx_word' id='word_1_231' title='bbox 929 2540 937 2563; x_wconf 75' lang='grc' dir='ltr'>ε</span> <span class='ocrx_word' id='word_1_232' title='bbox 960 2525 1012 2564; x_wconf 81' lang='lat' dir='ltr'>cf.</span> 
     </span>
     <span class='ocr_line' id='line_1_33' title="bbox 192 2583 758 2633; baseline -0.002 -13"><span class='ocrx_word' id='word_1_233' title='bbox 192 2584 381 2628; x_wconf 83' lang='lat' dir='ltr'>mercule,</span> <span class='ocrx_word' id='word_1_234' title='bbox 405 2583 482 2633; x_wconf 83' lang='lat' dir='ltr'>Ep.</span> <span class='ocrx_word' id='word_1_235' title='bbox 508 2583 649 2620; x_wconf 89' lang='lat' dir='ltr'>XXV.</span> <span class='ocrx_word' id='word_1_236' title='bbox 673 2594 696 2633; x_wconf 92' lang='grc'>3</span> <span class='ocrx_word' id='word_1_237' title='bbox 720 2595 758 2620; x_wconf 88' lang='lat' dir='ltr'>n.</span> 
     </span>
    </p>

    <p class='ocr_par' dir='ltr' id='par_1_6' title="bbox 188 2637 1018 3129">
     <span class='ocr_line' id='line_1_34' title="bbox 249 2637 1012 2689; baseline 0.001 -15"><span class='ocrx_word' id='word_1_238' title='bbox 249 2649 283 2674; x_wconf 85' lang='lat'>2.</span> <span class='ocrx_word' id='word_1_239' title='bbox 307 2638 495 2677; x_wconf 86' lang='lat' dir='ltr'>domus:</span> <span class='ocrx_word' id='word_1_240' title='bbox 520 2637 709 2676; x_wconf 89' lang='lat' dir='ltr'>Cicero’s</span> <span class='ocrx_word' id='word_1_241' title='bbox 728 2637 876 2689; x_wconf 83' lang='lat' dir='ltr'>family</span> <span class='ocrx_word' id='word_1_242' title='bbox 892 2649 1012 2682; x_wconf 87' lang='lat' dir='ltr'>were,</span> 
     </span>
     <span class='ocr_line' id='line_1_35' title="bbox 192 2692 1013 2743; baseline 0 -13"><span class='ocrx_word' id='word_1_243' title='bbox 192 2693 400 2738; x_wconf 86' lang='lat' dir='ltr'>however,</span> <span class='ocrx_word' id='word_1_244' title='bbox 431 2693 582 2743; x_wconf 86' lang='lat' dir='ltr'>urging</span> <span class='ocrx_word' id='word_1_245' title='bbox 616 2693 705 2730; x_wconf 91' lang='lat' dir='ltr'>him</span> <span class='ocrx_word' id='word_1_246' title='bbox 737 2698 782 2730; x_wconf 90' lang='lat' dir='ltr'>to</span> <span class='ocrx_word' id='word_1_247' title='bbox 817 2692 908 2743; x_wconf 87' lang='lat' dir='ltr'>join</span> <span class='ocrx_word' id='word_1_248' title='bbox 941 2692 1013 2730; x_wconf 88' lang='lat' dir='ltr'>the</span> 
     </span>
     <span class='ocr_line' id='line_1_36' title="bbox 194 2747 1014 2798; baseline -0.002 -12"><span class='ocrx_word' id='word_1_249' title='bbox 194 2748 461 2798; x_wconf 84' lang='lat' dir='ltr'>I’ompeians.</span> <span class='ocrx_word' id='word_1_250' title='bbox 527 2747 594 2786; x_wconf 80' lang='lat' dir='ltr'>Cf.</span> <span class='ocrx_word' id='word_1_251' title='bbox 617 2749 703 2785; x_wconf 86' lang='lat' dir='ltr'>Att.</span> <span class='ocrx_word' id='word_1_252' title='bbox 726 2758 763 2797; x_wconf 86' lang='lat'>9.</span> <span class='ocrx_word' id='word_1_253' title='bbox 787 2747 823 2786; x_wconf 86' lang='lat'>6.</span> <span class='ocrx_word' id='word_1_254' title='bbox 846 2759 871 2795; x_wconf 88' lang='lat'><strong>4</strong></span> <span class='ocrx_word' id='word_1_255' title='bbox 892 2753 1014 2796; x_wconf 75' lang='lat' dir='ltr'>prae-</span> 
     </span>
     <span class='ocr_line' id='line_1_37' title="bbox 191 2805 1013 2853; baseline -0.001 -13"><span class='ocrx_word' id='word_1_256' title='bbox 191 2805 333 2841; x_wconf 80' lang='lat' dir='ltr'>sertim</span> <span class='ocrx_word' id='word_1_257' title='bbox 351 2817 440 2841; x_wconf 86' lang='lat' dir='ltr'>cum</span> <span class='ocrx_word' id='word_1_258' title='bbox 458 2805 492 2841; x_wconf 86' lang='lat' dir='ltr'>ii</span> <span class='ocrx_word' id='word_1_259' title='bbox 504 2805 597 2852; x_wconf 73' lang='lat' dir='ltr'>ipsi,</span> <span class='ocrx_word' id='word_1_260' title='bbox 613 2816 791 2853; x_wconf 75' lang='lat' dir='ltr'>quorum</span> <span class='ocrx_word' id='word_1_261' title='bbox 807 2816 875 2853; x_wconf 74' lang='lat' dir='ltr'>ego</span> <span class='ocrx_word' id='word_1_262' title='bbox 888 2815 1013 2841; x_wconf 82' lang='lat' dir='ltr'>causa</span> 
     </span>
     <span class='ocr_line' id='line_1_38' title="bbox 190 2858 1011 2910; baseline -0.002 -14"><span class='ocrx_word' id='word_1_263' title='bbox 190 2859 383 2896; x_wconf 76' lang='lat' dir='ltr'>timidius</span> <span class='ocrx_word' id='word_1_264' title='bbox 403 2872 467 2896; x_wconf 86' lang='lat' dir='ltr'>me</span> <span class='ocrx_word' id='word_1_265' title='bbox 475 2860 684 2910; x_wconf 78' lang='lat' dir='ltr'>fortunae</span> <span class='ocrx_word' id='word_1_266' title='bbox 699 2858 1011 2902; x_wconf 79' lang='lat' dir='ltr'>committebam,</span> 
     </span>
     <span class='ocr_line' id='line_1_39' title="bbox 192 2912 1018 2963; baseline -0.002 -12"><span class='ocrx_word' id='word_1_267' title='bbox 192 2927 303 2951; x_wconf 83' lang='lat' dir='ltr'>uxor</span> <span class='ocrx_word' id='word_1_268' title='bbox 311 2913 413 2963; x_wconf 79' lang='lat' dir='ltr'>filia</span> <span class='ocrx_word' id='word_1_269' title='bbox 441 2915 654 2952; x_wconf 81' lang='lat' dir='ltr'>Cicerones</span> <span class='ocrx_word' id='word_1_270' title='bbox 667 2914 799 2962; x_wconf 70' lang='lat' dir='ltr'>pueri</span> <span class='ocrx_word' id='word_1_271' title='bbox 817 2926 882 2950; x_wconf 89' lang='lat' dir='ltr'>me</span> <span class='ocrx_word' id='word_1_272' title='bbox 903 2912 1018 2950; x_wconf 82' lang='lat' dir='ltr'>illud</span> 
     </span>
     <span class='ocr_line' id='line_1_40' title="bbox 194 2967 1012 3019; baseline -0.002 -13"><span class='ocrx_word' id='word_1_273' title='bbox 194 2970 272 3019; x_wconf 82' lang='lat' dir='ltr'>(i.e.</span> <span class='ocrx_word' id='word_1_274' title='bbox 283 2969 354 3006; x_wconf 90' lang='lat' dir='ltr'>the</span> <span class='ocrx_word' id='word_1_275' title='bbox 370 2981 496 3006; x_wconf 88' lang='lat' dir='ltr'>cause</span> <span class='ocrx_word' id='word_1_276' title='bbox 511 2967 557 3006; x_wconf 80' lang='lat' dir='ltr'>of</span> <span class='ocrx_word' id='word_1_277' title='bbox 573 2967 1012 3019; x_wconf 77' lang='lat' dir='ltr'>Pompey)sequimal-</span> 
     </span>
     <span class='ocr_line' id='line_1_41' title="bbox 189 3024 1012 3073; baseline -0.002 -12"><span class='ocrx_word' id='word_1_278' title='bbox 189 3025 286 3068; x_wconf 83' lang='lat' dir='ltr'>lent,</span> <span class='ocrx_word' id='word_1_279' title='bbox 309 3024 382 3061; x_wconf 79' lang='lat' dir='ltr'>lzoc</span> <span class='ocrx_word' id='word_1_280' title='bbox 402 3029 522 3073; x_wconf 75' lang='lat' dir='ltr'>turpe</span> <span class='ocrx_word' id='word_1_281' title='bbox 543 3029 581 3061; x_wconf 82' lang='lat' dir='ltr'>et</span> <span class='ocrx_word' id='word_1_282' title='bbox 600 3037 663 3061; x_wconf 87' lang='lat' dir='ltr'>me</span> <span class='ocrx_word' id='word_1_283' title='bbox 693 3024 737 3061; x_wconf 84' lang='lat' dir='ltr'>in</span> <span class='ocrx_word' id='word_1_284' title='bbox 781 3025 917 3072; x_wconf 58' lang='lat' dir='ltr'>gruum</span> <span class='ocrx_word' id='word_1_285' title='bbox 936 3029 1012 3072; x_wconf 76' lang='lat' dir='ltr'>pu-</span> 
     </span>
     <span class='ocr_line' id='line_1_42' title="bbox 188 3078 1009 3129; baseline -0.002 -13"><span class='ocrx_word' id='word_1_286' title='bbox 188 3084 346 3123; x_wconf 81' lang='lat' dir='ltr'>tarent,·</span> <span class='ocrx_word' id='word_1_287' title='bbox 369 3092 466 3116; x_wconf 79' lang='lat' dir='ltr'>nam</span> <span class='ocrx_word' id='word_1_288' title='bbox 488 3078 671 3125; x_wconf 77' lang='lat' dir='ltr'>Quintus</span> <span class='ocrx_word' id='word_1_289' title='bbox 682 3080 757 3128; x_wconf 76' lang='lat' dir='ltr'>qui</span> <span class='ocrx_word' id='word_1_290' title='bbox 785 3091 846 3115; x_wconf 87' lang='lat' dir='ltr'>em</span> <span class='ocrx_word' id='word_1_291' title='bbox 850 3079 1009 3129; x_wconf 78' lang='lat' dir='ltr'>frater,</span> 
     </span>
    </p>
   </div>
   <div class='ocr_carea' id='block_1_6' title="bbox 1097 2030 1924 3130">
    <p class='ocr_par' dir='ltr' id='par_1_7' title="bbox 1097 2030 1924 3130">
     <span class='ocr_line' id='line_1_43' title="bbox 1100 2030 1921 2080; baseline 0 -13"><span class='ocrx_word' id='word_1_292' title='bbox 1100 2032 1205 2067; x_wconf 83' lang='lat' dir='ltr'>simo</span> <span class='ocrx_word' id='word_1_293' title='bbox 1243 2030 1495 2080; x_wconf 77' lang='lat' dir='ltr'>sequebatur.</span> <span class='ocrx_word' id='word_1_294' title='bbox 1513 2041 1731 2080; x_wconf 87' lang='lat' dir='ltr'>—gener</span> <span class='ocrx_word' id='word_1_295' title='bbox 1779 2036 1921 2069; x_wconf 86' lang='lat' dir='ltr'>tuus:</span> 
     </span>
     <span class='ocr_line' id='line_1_44' title="bbox 1103 2084 1924 2130; baseline 0.002 -8"><span class='ocrx_word' id='word_1_296' title='bbox 1103 2085 1147 2122; x_wconf 91' lang='lat' dir='ltr'>P.</span> <span class='ocrx_word' id='word_1_297' title='bbox 1181 2085 1409 2123; x_wconf 89' lang='lat' dir='ltr'>Cornelius</span> <span class='ocrx_word' id='word_1_298' title='bbox 1443 2084 1682 2130; x_wconf 86' lang='lat' dir='ltr'>Dolabella,</span> <span class='ocrx_word' id='word_1_299' title='bbox 1711 2084 1806 2123; x_wconf 89' lang='lat' dir='ltr'>who</span> <span class='ocrx_word' id='word_1_300' title='bbox 1838 2097 1924 2124; x_wconf 86' lang='lat' dir='ltr'>was</span> 
     </span>
     <span class='ocr_line' id='line_1_45' title="bbox 1100 2138 1922 2190; baseline 0 -12"><span class='ocrx_word' id='word_1_301' title='bbox 1100 2152 1125 2178; x_wconf 91' lang='lat' dir='ltr'>a</span> <span class='ocrx_word' id='word_1_302' title='bbox 1164 2138 1443 2190; x_wconf 89' lang='lat' dir='ltr'>pronounced</span> <span class='ocrx_word' id='word_1_303' title='bbox 1480 2139 1922 2179; x_wconf 84' lang='lat' dir='ltr'>Caesarian.—illud</span> 
     </span>
     <span class='ocr_line' id='line_1_46' title="bbox 1100 2196 1924 2245; baseline -0.001 -12"><span class='ocrx_word' id='word_1_304' title='bbox 1100 2196 1287 2245; x_wconf 83' lang='lat' dir='ltr'>cogita:</span> <span class='ocrx_word' id='word_1_305' title='bbox 1327 2207 1398 2233; x_wconf 88' lang='lat' dir='ltr'>see</span> <span class='ocrx_word' id='word_1_306' title='bbox 1434 2201 1535 2232; x_wconf 88' lang='lat' dir='ltr'>note</span> <span class='ocrx_word' id='word_1_307' title='bbox 1567 2207 1622 2232; x_wconf 87' lang='lat' dir='ltr'>on</span> <span class='ocrx_word' id='word_1_308' title='bbox 1660 2196 1783 2239; x_wconf 66' lang='lat' dir='ltr'>nillil,</span> <span class='ocrx_word' id='word_1_309' title='bbox 1820 2206 1924 2232; x_wconf 87' lang='lat'>1.—</span> 
     </span>
     <span class='ocr_line' id='line_1_47' title="bbox 1100 2250 1924 2301; baseline 0 -13"><span class='ocrx_word' id='word_1_310' title='bbox 1100 2250 1345 2289; x_wconf 85' lang='lat' dir='ltr'>offensae:</span> <span class='ocrx_word' id='word_1_311' title='bbox 1379 2262 1435 2287; x_wconf 92' lang='lat' dir='ltr'>on</span> <span class='ocrx_word' id='word_1_312' title='bbox 1465 2250 1631 2300; x_wconf 68' lang='lat' dir='ltr'>ffnsa,</span> <span class='ocrx_word' id='word_1_313' title='bbox 1666 2250 1812 2301; x_wconf 90' lang='lat' dir='ltr'>Meyer</span> <span class='ocrx_word' id='word_1_314' title='bbox 1839 2251 1924 2300; x_wconf 87' lang='lat' dir='ltr'>(De</span> 
     </span>
     <span class='ocr_line' id='line_1_48' title="bbox 1104 2305 1920 2355; baseline -0.001 -11"><span class='ocrx_word' id='word_1_315' title='bbox 1104 2306 1312 2344; x_wconf 84' lang='lat' dir='ltr'>Ciceronis</span> <span class='ocrx_word' id='word_1_316' title='bbox 1341 2306 1386 2343; x_wconf 83' lang='lat' dir='ltr'>in</span> <span class='ocrx_word' id='word_1_317' title='bbox 1427 2306 1609 2355; x_wconf 74' lang='lat' dir='ltr'>epistolis</span> <span class='ocrx_word' id='word_1_318' title='bbox 1648 2305 1708 2343; x_wconf 85' lang='lat' dir='ltr'>ad</span> <span class='ocrx_word' id='word_1_319' title='bbox 1733 2306 1920 2343; x_wconf 85' lang='lat' dir='ltr'>Atticum</span> 
     </span>
     <span class='ocr_line' id='line_1_49' title="bbox 1100 2359 1918 2412; baseline 0 -14"><span class='ocrx_word' id='word_1_320' title='bbox 1100 2374 1298 2405; x_wconf 84' lang='lat' dir='ltr'>sermone,</span> <span class='ocrx_word' id='word_1_321' title='bbox 1326 2361 1389 2411; x_wconf 91' lang='lat'>17)</span> <span class='ocrx_word' id='word_1_322' title='bbox 1423 2373 1547 2412; x_wconf 84' lang='lat' dir='ltr'>says:</span> <span class='ocrx_word' id='word_1_323' title='bbox 1581 2365 1590 2381; x_wconf 89' lang='lat'>‘</span> <span class='ocrx_word' id='word_1_324' title='bbox 1610 2359 1714 2398; x_wconf 91' lang='lat' dir='ltr'>used</span> <span class='ocrx_word' id='word_1_325' title='bbox 1745 2361 1846 2412; x_wconf 90' lang='lat' dir='ltr'>only</span> <span class='ocrx_word' id='word_1_326' title='bbox 1875 2360 1918 2398; x_wconf 91' lang='lat' dir='ltr'>in</span> 
     </span>
     <span class='ocr_line' id='line_1_50' title="bbox 1100 2415 1923 2454; baseline 0 0"><span class='ocrx_word' id='word_1_327' title='bbox 1100 2415 1431 2454; x_wconf 87' lang='lat' dir='ltr'>conversation.’</span> <span class='ocrx_word' id='word_1_328' title='bbox 1460 2416 1613 2454; x_wconf 91' lang='lat' dir='ltr'>Cicero</span> <span class='ocrx_word' id='word_1_329' title='bbox 1630 2415 1803 2454; x_wconf 85' lang='lat' dir='ltr'>himself</span> <span class='ocrx_word' id='word_1_330' title='bbox 1818 2415 1923 2454; x_wconf 92' lang='lat' dir='ltr'>does</span> 
     </span>
     <span class='ocr_line' id='line_1_51' title="bbox 1099 2470 1920 2509; baseline -0.001 0"><span class='ocrx_word' id='word_1_331' title='bbox 1099 2477 1176 2509; x_wconf 88' lang='lat' dir='ltr'>not</span> <span class='ocrx_word' id='word_1_332' title='bbox 1198 2483 1272 2509; x_wconf 92' lang='lat' dir='ltr'>use</span> <span class='ocrx_word' id='word_1_333' title='bbox 1301 2471 1373 2508; x_wconf 91' lang='lat' dir='ltr'>the</span> <span class='ocrx_word' id='word_1_334' title='bbox 1396 2470 1511 2509; x_wconf 87' lang='lat' dir='ltr'>word</span> <span class='ocrx_word' id='word_1_335' title='bbox 1542 2483 1647 2509; x_wconf 91' lang='lat' dir='ltr'>even</span> <span class='ocrx_word' id='word_1_336' title='bbox 1678 2470 1719 2508; x_wconf 90' lang='lat' dir='ltr'>in</span> <span class='ocrx_word' id='word_1_337' title='bbox 1752 2470 1817 2509; x_wconf 89' lang='lat' dir='ltr'>his</span> <span class='ocrx_word' id='word_1_338' title='bbox 1848 2471 1920 2508; x_wconf 92' lang='lat' dir='ltr'>let-</span> 
     </span>
     <span class='ocr_line' id='line_1_52' title="bbox 1100 2524 1921 2578; baseline -0.001 -14"><span class='ocrx_word' id='word_1_339' title='bbox 1100 2532 1199 2571; x_wconf 87' lang='lat' dir='ltr'>ters,</span> <span class='ocrx_word' id='word_1_340' title='bbox 1215 2526 1461 2578; x_wconf 90' lang='lat' dir='ltr'>employing</span> <span class='ocrx_word' id='word_1_341' title='bbox 1474 2526 1643 2576; x_wconf 77' lang='lat' dir='ltr'>oſj‘ensio</span> <span class='ocrx_word' id='word_1_342' title='bbox 1656 2526 1698 2564; x_wconf 91' lang='lat' dir='ltr'>in</span> <span class='ocrx_word' id='word_1_343' title='bbox 1716 2525 1770 2564; x_wconf 88' lang='lat' dir='ltr'>its</span> <span class='ocrx_word' id='word_1_344' title='bbox 1787 2524 1921 2564; x_wconf 89' lang='lat' dir='ltr'>stead.</span> 
     </span>
     <span class='ocr_line' id='line_1_53' title="bbox 1101 2580 1923 2632; baseline -0.001 -13"><span class='ocrx_word' id='word_1_345' title='bbox 1101 2581 1194 2619; x_wconf 90' lang='lat' dir='ltr'>The</span> <span class='ocrx_word' id='word_1_346' title='bbox 1225 2593 1343 2619; x_wconf 89' lang='lat' dir='ltr'>more</span> <span class='ocrx_word' id='word_1_347' title='bbox 1374 2581 1602 2632; x_wconf 86' lang='lat' dir='ltr'>colloquial</span> <span class='ocrx_word' id='word_1_348' title='bbox 1630 2581 1790 2619; x_wconf 90' lang='lat' dir='ltr'>writers</span> <span class='ocrx_word' id='word_1_349' title='bbox 1822 2580 1869 2618; x_wconf 84' lang='lat' dir='ltr'>of</span> <span class='ocrx_word' id='word_1_350' title='bbox 1897 2592 1923 2618; x_wconf 89' lang='lat' dir='ltr'>a</span> 
     </span>
     <span class='ocr_line' id='line_1_54' title="bbox 1099 2635 1918 2687; baseline -0.002 -13"><span class='ocrx_word' id='word_1_351' title='bbox 1099 2637 1207 2674; x_wconf 88' lang='lat' dir='ltr'>later</span> <span class='ocrx_word' id='word_1_352' title='bbox 1245 2635 1407 2687; x_wconf 87' lang='lat' dir='ltr'>period,</span> <span class='ocrx_word' id='word_1_353' title='bbox 1439 2636 1637 2674; x_wconf 91' lang='lat' dir='ltr'>however</span> <span class='ocrx_word' id='word_1_354' title='bbox 1679 2635 1764 2686; x_wconf 69' lang='lat' dir='ltr'>(eg.</span> <span class='ocrx_word' id='word_1_355' title='bbox 1800 2635 1918 2681; x_wconf 91' lang='lat' dir='ltr'>Plin.,</span> 
     </span>
     <span class='ocr_line' id='line_1_55' title="bbox 1103 2690 1922 2741; baseline -0.001 -12"><span class='ocrx_word' id='word_1_356' title='bbox 1103 2692 1232 2736; x_wconf 89' lang='lat' dir='ltr'>Suet.,</span> <span class='ocrx_word' id='word_1_357' title='bbox 1274 2691 1357 2729; x_wconf 91' lang='lat' dir='ltr'>and</span> <span class='ocrx_word' id='word_1_358' title='bbox 1407 2691 1609 2741; x_wconf 82' lang='lat' dir='ltr'>Petron.)‚</span> <span class='ocrx_word' id='word_1_359' title='bbox 1656 2703 1731 2729; x_wconf 92' lang='lat' dir='ltr'>use</span> <span class='ocrx_word' id='word_1_360' title='bbox 1774 2690 1806 2729; x_wconf 88' lang='lat' dir='ltr'>it</span> <span class='ocrx_word' id='word_1_361' title='bbox 1844 2690 1922 2729; x_wconf 88' lang='lat' dir='ltr'>fre-</span> 
     </span>
     <span class='ocr_line' id='line_1_56' title="bbox 1100 2745 1923 2798; baseline -0.001 -14"><span class='ocrx_word' id='word_1_362' title='bbox 1100 2747 1287 2798; x_wconf 90' lang='lat' dir='ltr'>quently.</span> <span class='ocrx_word' id='word_1_363' title='bbox 1305 2746 1656 2796; x_wconf 88' lang='lat' dir='ltr'>—optirnatern</span> <span class='ocrx_word' id='word_1_364' title='bbox 1684 2773 1695 2785; x_wconf 90' lang='lat'>.</span> <span class='ocrx_word' id='word_1_365' title='bbox 1721 2775 1729 2784; x_wconf 95' lang='lat'>.</span> <span class='ocrx_word' id='word_1_366' title='bbox 1759 2775 1769 2784; x_wconf 85' lang='lat'>.</span> <span class='ocrx_word' id='word_1_367' title='bbox 1799 2745 1923 2796; x_wconf 87' lang='lat' dir='ltr'>opti-</span> 
     </span>
     <span class='ocr_line' id='line_1_57' title="bbox 1100 2801 1919 2852; baseline -0.002 -12"><span class='ocrx_word' id='word_1_368' title='bbox 1100 2813 1257 2841; x_wconf 88' lang='lat' dir='ltr'>mum:</span> <span class='ocrx_word' id='word_1_369' title='bbox 1282 2801 1353 2839; x_wconf 89' lang='lat' dir='ltr'>the</span> <span class='ocrx_word' id='word_1_370' title='bbox 1375 2802 1564 2852; x_wconf 88' lang='lat' dir='ltr'>singular</span> <span class='ocrx_word' id='word_1_371' title='bbox 1584 2801 1697 2839; x_wconf 82' lang='lat' dir='ltr'>form</span> <span class='ocrx_word' id='word_1_372' title='bbox 1719 2801 1919 2851; x_wconf 85' lang='lat' dir='ltr'>optima-</span> 
     </span>
     <span class='ocr_line' id='line_1_58' title="bbox 1099 2856 1919 2909; baseline -0.001 -15"><span class='ocrx_word' id='word_1_373' title='bbox 1099 2863 1212 2904; x_wconf 90' lang='lat' dir='ltr'>tern,</span> <span class='ocrx_word' id='word_1_374' title='bbox 1236 2856 1371 2894; x_wconf 90' lang='lat' dir='ltr'>which</span> <span class='ocrx_word' id='word_1_375' title='bbox 1403 2857 1437 2895; x_wconf 92' lang='lat' dir='ltr'>is</span> <span class='ocrx_word' id='word_1_376' title='bbox 1469 2869 1568 2909; x_wconf 91' lang='lat' dir='ltr'>very</span> <span class='ocrx_word' id='word_1_377' title='bbox 1589 2868 1681 2894; x_wconf 88' lang='lat' dir='ltr'>rare</span> <span class='ocrx_word' id='word_1_378' title='bbox 1711 2856 1752 2893; x_wconf 90' lang='lat' dir='ltr'>in</span> <span class='ocrx_word' id='word_1_379' title='bbox 1782 2856 1919 2899; x_wconf 90' lang='lat' dir='ltr'>Latin,</span> 
     </span>
     <span class='ocr_line' id='line_1_59' title="bbox 1099 2910 1920 2950; baseline -0.002 0"><span class='ocrx_word' id='word_1_380' title='bbox 1099 2911 1133 2949; x_wconf 92' lang='lat' dir='ltr'>is</span> <span class='ocrx_word' id='word_1_381' title='bbox 1168 2911 1271 2950; x_wconf 88' lang='lat' dir='ltr'>used</span> <span class='ocrx_word' id='word_1_382' title='bbox 1307 2911 1408 2950; x_wconf 88' lang='lat' dir='ltr'>here</span> <span class='ocrx_word' id='word_1_383' title='bbox 1439 2911 1507 2949; x_wconf 85' lang='lat' dir='ltr'>for</span> <span class='ocrx_word' id='word_1_384' title='bbox 1537 2911 1610 2950; x_wconf 88' lang='lat' dir='ltr'>the</span> <span class='ocrx_word' id='word_1_385' title='bbox 1640 2910 1744 2949; x_wconf 89' lang='lat' dir='ltr'>sake</span> <span class='ocrx_word' id='word_1_386' title='bbox 1773 2910 1819 2948; x_wconf 87' lang='lat' dir='ltr'>of</span> <span class='ocrx_word' id='word_1_387' title='bbox 1848 2910 1920 2949; x_wconf 90' lang='lat' dir='ltr'>the</span> 
     </span>
     <span class='ocr_line' id='line_1_60' title="bbox 1097 2964 1919 3017; baseline -0.002 -12"><span class='ocrx_word' id='word_1_388' title='bbox 1097 2980 1185 3017; x_wconf 88' lang='lat' dir='ltr'>pun</span> <span class='ocrx_word' id='word_1_389' title='bbox 1217 2967 1316 3005; x_wconf 90' lang='lat' dir='ltr'>with</span> <span class='ocrx_word' id='word_1_390' title='bbox 1354 2967 1602 3017; x_wconf 89' lang='lat' dir='ltr'>optimum.</span> <span class='ocrx_word' id='word_1_391' title='bbox 1663 2965 1827 3004; x_wconf 88' lang='lat' dir='ltr'>‘Don&#39;t</span> <span class='ocrx_word' id='word_1_392' title='bbox 1866 2964 1919 3004; x_wconf 89' lang='lat' dir='ltr'>be</span> 
     </span>
     <span class='ocr_line' id='line_1_61' title="bbox 1098 3020 1919 3073; baseline -0.002 -13"><span class='ocrx_word' id='word_1_393' title='bbox 1098 3035 1147 3060; x_wconf 93' lang='lat' dir='ltr'>so</span> <span class='ocrx_word' id='word_1_394' title='bbox 1187 3021 1304 3073; x_wconf 89' lang='lat' dir='ltr'>good</span> <span class='ocrx_word' id='word_1_395' title='bbox 1341 3034 1366 3060; x_wconf 88' lang='lat' dir='ltr'>a</span> <span class='ocrx_word' id='word_1_396' title='bbox 1401 3023 1617 3060; x_wconf 79' lang='lat' dir='ltr'>nobleman</span> <span class='ocrx_word' id='word_1_397' title='bbox 1653 3031 1700 3057; x_wconf 85' lang='lat' dir='ltr'>as</span> <span class='ocrx_word' id='word_1_398' title='bbox 1734 3027 1779 3059; x_wconf 89' lang='lat' dir='ltr'>to</span> <span class='ocrx_word' id='word_1_399' title='bbox 1819 3020 1919 3059; x_wconf 90' lang='lat' dir='ltr'>shut</span> 
     </span>
     <span class='ocr_line' id='line_1_62' title="bbox 1098 3077 1744 3130; baseline -0.002 -15"><span class='ocrx_word' id='word_1_400' title='bbox 1098 3090 1204 3129; x_wconf 92' lang='lat' dir='ltr'>your</span> <span class='ocrx_word' id='word_1_401' title='bbox 1226 3090 1324 3130; x_wconf 90' lang='lat' dir='ltr'>eyes</span> <span class='ocrx_word' id='word_1_402' title='bbox 1346 3084 1391 3115; x_wconf 91' lang='lat' dir='ltr'>to</span> <span class='ocrx_word' id='word_1_403' title='bbox 1413 3077 1525 3115; x_wconf 87' lang='lat' dir='ltr'>what</span> <span class='ocrx_word' id='word_1_404' title='bbox 1546 3077 1582 3116; x_wconf 92' lang='lat' dir='ltr'>is</span> <span class='ocrx_word' id='word_1_405' title='bbox 1604 3077 1744 3115; x_wconf 58' lang='lat' dir='ltr'>noble!</span> 
     </span>
    </p>
   </div>
  </div>
 </body>
</html>
