2067 3332
203 194 279 233 162
762 192 1038 232 crcERo’s
1081 193 1367 231 LETTERs.
1672 191 1770 243 [Ep.
1795 193 1931 231 XLV.

202 333 264 383 L.
300 332 546 393 Flaccus,
581 333 725 398 quod
758 331 823 398 Q.
861 331 1098 392 Mucius,
1131 348 1347 398 quoquo
1377 331 1540 381 modo
1571 347 1634 381 ea
1675 347 1762 381 res
1805 330 1931 382 huic

198 421 417 488 quidem
448 421 669 483 cecidit,
715 422 806 488 qui
836 429 1021 472 tamen
1054 421 1130 471 ita
1158 421 1340 472 dicere
1379 420 1609 481 solebat,
1643 437 1702 471 se
1731 420 1786 470 id
1813 420 1931 471 fore

197 510 383 561 videre
425 512 568 577 quod
610 511 819 561 factum
863 518 964 572 est,
1007 512 1104 561 sed
1145 510 1307 561 malle
1349 527 1509 577 quam
1552 517 1821 560 armatum
1864 511 1931 560 ad

197 601 406 666 patriae
447 601 665 651 moenia
707 602 985 653 accedere.
1069 600 1254 650 Aliter
1295 600 1692 668 ThrasybUIUS,
1731 607 1784 650 et
1827 600 1932 650 for-

196 698 346 741 tasse
388 690 607 752 melius3
665 691 762 740 sed
812 699 898 741 est
948 699 1099 741 certa
1146 691 1412 757 quaedam
1458 689 1551 740 illa
1595 689 1748 740 Muci
1793 690 1930 740 ratio

196 788 360 846 atque
391 780 684 841 sententia,
719 789 803 831 est
836 781 926 830 illa
955 781 1137 841 etiam,
1172 788 1242 841 et,
1277 798 1399 831 cum
1431 780 1500 830 sit
1544 796 1789 840 necesse,
1824 797 1930 830 ser-

197 869 311 919 vire
346 869 579 935 tempori
623 877 676 919 et
720 887 830 920 non
874 870 1128 920 amittere
1171 878 1406 935 tempus,
1443 887 1565 920 cum
1610 870 1680 920 sit
1723 870 1926 920 datum.

199 959 308 1010 Sed
338 959 393 1009 in
423 959 526 1010 hoc
557 959 676 1025 ipso
707 960 913 1010 habent
944 967 1129 1009 tamen
1170 959 1335 1009 iidem
1376 960 1558 1010 fasces
1601 959 1928 1011 molestiam.

199 1049 285 1100 Sit
336 1049 483 1100 enirn
532 1050 692 1100 nobis
742 1049 965 1110 amicus,
1012 1050 1156 1116 quod
1212 1050 1485 1100 incertum
1542 1057 1641 1110 est,
1688 1050 1784 1099 sed
1841 1050 1927 1110 sit,

196 1139 410 1189 deferet
454 1139 821 1205 triumphum:
870 1156 980 1189 non
1024 1139 1274 1205 accipere
1317 1156 1387 1189 ne
1429 1139 1796 1206 periculosum
1841 1139 1928 1200 sit,

196 1229 444 1295 accipere
479 1229 810 1279 invidiosum
850 1230 916 1279 ad
946 1229 1138 1280 bonos.
1227 1229 1306 1280 ‘O
1350 1228 1500 1290 rem,’
1535 1229 1730 1296 inquiS,
1768 1229 1930 1279 ‘diffi-

197 1319 357 1369 cilem
401 1326 455 1369 et
499 1318 940 1384 inexplicabilem
972 1317 1014 1370 !'
1101 1319 1277 1386 Atqui
1320 1319 1642 1385 explicanda
1684 1326 1794 1380 est3
1840 1319 1931 1385 qui

196 1416 381 1459 autem
412 1408 530 1459 fieri
559 1409 785 1475 potest?
868 1408 956 1460 Ac
986 1426 1056 1459 ne
1099 1426 1186 1460 me
1230 1409 1561 1460 existimaris
1604 1410 1670 1459 ad
1712 1426 1932 1459 manen-

196 1500 325 1549 dum
369 1516 491 1549 esse
546 1498 977 1565 propensiorem,
1023 1500 1167 1566 quod
1222 1499 1377 1565 plura
1433 1499 1487 1549 in
1543 1516 1662 1549 earn
1718 1507 1930 1564 partem

195 1589 364 1639 verba
392 1589 638 1649 fecerim,
672 1597 856 1654 potest
888 1589 1022 1650 fieri,
1057 1591 1200 1656 quod
1244 1590 1304 1639 fit
1348 1589 1402 1639 in
1446 1589 1634 1639 multis
1663 1589 1932 1655 quaestio-

196 1678 374 1740 nibuS,
407 1686 466 1729 ut
511 1696 598 1730 res
627 1679 911 1729 verbosior
953 1679 1087 1730 haec
1129 1679 1312 1740 fuerit,
1346 1679 1438 1730 illa
1465 1679 1657 1730 verior.
1732 1679 1932 1745 Quam-

196 1769 385 1819 obrem
428 1776 487 1819 ut
531 1769 768 1819 maxima
809 1769 876 1819 de
919 1786 976 1819 re
1021 1786 1194 1836 aequo
1237 1769 1419 1820 animo
1469 1768 1812 1829 deliberanti,
1857 1768 1933 1819 ita

196 1858 330 1908 mihi
356 1860 452 1909 des
485 1859 775 1909 consilium
801 1859 980 1909 velim.
1041 1859 1213 1910 Navis
1244 1867 1298 1909 et
1330 1859 1384 1908 in
1417 1859 1608 1910 Caieta
1631 1866 1714 1908 est
1744 1866 1933 1924 parata

197 1948 356 1999 nobis
389 1956 443 1999 et
475 1948 748 2000 Brundisi.
836 1949 947 2000 Sed
978 1966 1106 2000 ecce
1136 1949 1316 1999 nuntii
1347 1949 1624 1999 scribente
1666 1965 1753 1998 me
1797 1948 1931 1999 haec

198 2038 316 2104 ipsa
344 2047 512 2089 noctu
550 2039 604 2088 in
636 2039 859 2099 Caleno,
894 2056 1023 2090 ecce
1064 2038 1298 2099 litterae,
1334 2039 1627 2089 Caesarem
1667 2039 1733 2088 ad
1765 2038 1932 2088 Corfi-

198 2128 364 2188 nium,
399 2128 706 2178 Domitium
739 2129 946 2179 Corfini
976 2146 1098 2179 cum
1129 2129 1285 2179 firmo
1315 2128 1558 2179 exercitu
1590 2136 1643 2178 et
1686 2145 1933 2194 pugnare

198 2219 470 2284 cupiente.
558 2219 686 2268 Non
718 2227 852 2284 puto
885 2219 1051 2269 etiam
1082 2219 1186 2269 hoc
1218 2219 1468 2269 Gnaeum
1505 2225 1754 2268 nostrum
1791 2235 1932 2268 com-

197 2309 494 2359 missurum
524 2316 585 2359 ut
617 2308 925 2358 Domitium
956 2308 1243 2375 relinquat,
1278 2307 1383 2358 etsi
1427 2307 1778 2357 Brundisium
1820 2307 1932 2358 Sci-

197 2434 585 2485 later.——qu0qu0
617 2435 773 2481 modo,
798 2440 890 2480 etc.,
918 2435 1024 2473 leow-
1110 2447 1214 2472 zens.
1297 2433 1551 2483 Something
1591 2432 1677 2471 like
1717 2446 1859 2471 vereor
1897 2432 1932 2471 is

197 2503 291 2528 ever
317 2490 409 2527 tlcat
427 2491 600 2527 decision
623 2490 782 2528 turned
798 2495 869 2527 out
883 2491 928 2526 in
948 2499 1024 2527 HIS

196 2559 294 2582 case.
310 2567 364 2572 —
385 2545 542 2583 malle:
564 2559 615 2582 sc.
629 2546 784 2595 perire.
799 2568 854 2572 —
872 2544 1024 2582 Thra-

199 2600 398 2649 sybulus
417 2601 486 2650 (sc.
506 2599 649 2650 fecit):
682 2599 735 2637 he
756 2599 833 2637 left
856 2599 1023 2637 Athens

198 2655 319 2692 when
336 2655 407 2693 the
426 2655 577 2706 Thirty
592 2655 776 2706 Tyrants
794 2667 913 2692 carne
930 2655 1021 2692 into

198 2723 352 2760 power,
371 2709 447 2748 but
471 2709 673 2748 returned
696 2716 740 2747 to
763 2709 880 2748 drive
904 2709 1022 2747 them

197 2772 274 2803 out
294 2778 303 2813 ;
344 2759 396 2803 cf.
436 2766 544 2803 Xen.
577 2766 690 2802 Hell.
728 2777 762 2802 2.
796 2777 830 2816 3.
863 2776 913 2812 42
935 2779 943 2812 ;
987 2775 1019 2802 2.

198 2831 234 2867 4.
253 2844 307 2848 ——
328 2820 389 2858 sit
433 2820 596 2870 (enirn)
623 2835 631 2858 :
681 2834 732 2858 sc.
779 2822 944 2858 Caesar.
967 2842 1021 2847 ——-

198 2888 293 2913 non
316 2876 547 2926 accipere,
575 2876 623 2925 (l
643 2890 710 2913 am
734 2875 907 2926 afraid)
931 2875 1024 2912 tlzat

199 2936 269 2968 not
294 2936 330 2968 to
356 2937 489 2980 accept
511 2931 551 2980 (a
582 2931 791 2980 triumph)
817 2944 913 2979 may
934 2931 975 2967 be
995 2945 1021 2968 a

190 2987 378 3034 perilons
401 2987 524 3034 thing
545 2986 607 3033 (as
624 2986 709 3036 far
735 2999 781 3022 as
811 2988 965 3023 Caesar
986 2986 1021 3022 is

198 3041 426 3078 concerned
437 3042 464 3090 )‚
481 3042 574 3078 tlzat
593 3046 632 3078 to
652 3046 789 3090 accept
807 3041 842 3077 it
861 3054 958 3089 may
980 3041 1022 3077 be

197 3095 413 3145 slzczmeful
440 3096 484 3132 in
516 3095 582 3132 tlte
611 3108 698 3144 eyes
727 3095 779 3145 of
801 3096 909 3144 good
935 3096 1020 3132 cili-

1112 2488 1377 2527 understood
1416 2488 1563 2526 before
1603 2500 1677 2534 ne,
1712 2500 1758 2526 as
1803 2488 1843 2525 in
1884 2488 1932 2526 de

1111 2545 1208 2582 Fz'n.
1229 2554 1262 2595 5.
1280 2543 1304 2582 8
1321 2545 1395 2581 sed
1412 2557 1474 2589 ne,
1492 2545 1591 2582 dum
1611 2544 1709 2581 huic
1726 2544 1930 2593 obsequor,

1111 2600 1222 2637 vobis
1242 2600 1438 2637 molestus
1457 2599 1550 2635 sim.
1613 2598 1678 2636 Cf.
1703 2598 1794 2636 also
1828 2599 1929 2636 Tac.

1111 2655 1223 2692 [list.
1250 2666 1283 2705 3.
1308 2653 1533 2701 46.——res
1561 2682 1571 2691 .
1605 2682 1615 2691 .
1649 2682 1658 2691 .
1691 2654 1836 2691 haec:
1869 2655 1929 2691 i.e.

1110 2709 1182 2747 the
1200 2708 1471 2760 advisability
1489 2708 1535 2746 of
1556 2709 1724 2760 staying
1740 2708 1781 2746 in
1807 2709 1929 2760 Italy.

1108 2787 1163 2793 --
1186 2764 1351 2802 Caieta
1374 2779 1381 2801 :
1416 2764 1567 2802 Cicero
1599 2763 1683 2801 had
1714 2776 1767 2801 an
1794 2769 1930 2802 estate

1109 2819 1221 2857 here.

1164 2885 1199 2923 7.
1233 2886 1369 2912 ecce:
1403 2874 1455 2912 cf.
1494 2875 1571 2924 Ep.
1606 2874 1792 2925 XXXV.
1817 2886 1866 2925 23
1888 2887 1928 2911 n.

1107 2954 1158 2958 —
1183 2930 1446 2968 Corfinium
1468 2944 1475 2967 :
1507 2942 1578 2967 see
1607 2928 1758 2967 introd.
1782 2935 1826 2966 to
1850 2930 1928 2978 Ep.

1110 2985 1404 3023 X1.1V.-ut
1429 3013 1438 3021 .
1464 3013 1473 3022 .
1499 3013 1508 3021 .
1533 2984 1782 3034 relinquat:
1809 2985 1928 3021 Pom-

1107 3040 1222 3090 pey's
1246 3039 1403 3077 refusal
1426 3046 1470 3076 to
1494 3040 1646 3076 relieve
1676 3038 1927 3082 Corfinium,

1110 3094 1244 3132 which
1287 3095 1362 3144 Ep.
1407 3094 1567 3131 XLIV.
1600 3093 1808 3138 contains,
1842 3105 1928 3131 was

2065 2077 2067 2090 4

2065 2097 2067 2140 1
