2067 3332
102 170 183 208 Att.
210 179 244 222 5.
273 168 326 220 1.]
675 167 954 206 CICERO'S
998 166 1288 206 LETTERS.
1774 166 1849 205 111

99 326 203 376 ego
246 307 496 360 accivero
539 305 777 374 pueros.’
876 306 1032 357 Nihil
1085 306 1284 374 potuit,
1331 306 1469 356 mihi
1510 306 1732 373 quidem
1790 315 1849 356 ut

97 400 279 451 visum
311 407 413 461 est,
447 398 680 459 dulciUS‚
715 397 879 465 idque
910 413 1035 448 curn
1065 397 1250 448 verbis
1289 404 1409 448 tum
1454 396 1619 448 etiam
1662 396 1848 448 animo

98 508 160 542 ac
189 490 363 542 vultu.
435 489 517 540 At
547 488 639 540 illa
667 487 1022 539 audientibus
1048 488 1234 539 nobis:
1280 498 1291 519 ‘
1313 488 1434 555 Ego
1466 486 1622 548 sum,'
1650 487 1846 555 inquit,

102 581 222 633 ‘hic
252 579 506 648 hospita'
532 579 686 630 —id
715 586 901 630 autem
939 595 1005 629 ex
1048 595 1129 640 e0,
1163 586 1223 629 ut
1267 578 1479 645 opinor,
1512 579 1658 646 quod
1699 586 1850 629 ante-

98 679 342 724 cesserat
400 670 616 723 Statius
673 677 733 721 ut
795 669 1087 736 prandium
1145 669 1306 720 nobis
1363 669 1593 720 videret.
1704 670 1848 720 Tum

101 762 348 830 Quintus
395 760 551 822 ‘En,’
597 760 778 828 inquit
822 759 974 821 mihi,
1023 760 1190 811 ‘haec
1234 776 1338 827 ego
1384 760 1564 826 patior
1605 758 1844 811 cotidie.’

100 852 297 904 Dices:
331 863 342 884 ‘
362 852 528 920 Quid,
555 867 777 919 quaes0,
805 851 949 902 istuc
970 850 1124 901 erat?
1147 849 1156 868 '
1217 851 1514 917 Magnum;
1544 850 1730 918 itaque
1760 867 1848 901 me

98 943 279 1011 ipsum
320 949 720 994 commoverat:
763 941 842 993 sic
880 941 1119 993 absurde
1150 948 1204 992 et
1234 957 1430 1008 aspere
1458 941 1642 992 verbis
1671 940 1850 991 vultu-

98 1051 205 1102 que
253 1033 632 1100 responderat.
733 1032 1098 1084 Dissimulavi
1142 1031 1354 1083 dolens
1447 1031 1849 1083 Discubuimus

99 1141 294 1176 omnes
351 1132 571 1191 praeter
625 1123 792 1185 illam,
844 1123 933 1175 cui
987 1131 1177 1174 tamen
1236 1122 1484 1190 Quintus
1533 1123 1601 1173 de
1656 1139 1851 1174 mensa

99 1215 272 1278 misit;
306 1215 398 1266 illa
421 1214 628 1266 reiecit.
705 1214 855 1282 Quid
886 1214 1097 1265 multa?
1129 1213 1267 1264 nihil
1291 1230 1414 1264 meo
1445 1213 1619 1264 fratre
1647 1212 1846 1274 lenius,

98 1306 236 1358 nihil
266 1305 517 1373 asperius
547 1313 644 1356 tua
672 1321 860 1356 sorore
890 1304 1025 1355 mihi
1053 1304 1234 1355 visum
1266 1312 1368 1366 est,
1402 1311 1456 1355 et
1486 1303 1662 1355 multa
1699 1321 1849 1370 prae-

98 1405 251 1448 tereo
275 1413 417 1465 quae
446 1404 567 1447 tum
597 1395 734 1446 mihi
762 1395 955 1447 maiori
986 1395 1275 1447 stomacho
1299 1412 1463 1462 quam
1494 1394 1600 1461 ipsi
1633 1394 1847 1462 Quinto

97 1488 342 1540 fuerunt.
429 1488 552 1555 Ego
594 1487 724 1538 inde
764 1486 1080 1554 Aquinum;
1125 1486 1372 1553 Quintus
1415 1485 1471 1536 in
1502 1485 1728 1536 Arcano
1770 1502 1849 1537 re-

99 1579 302 1630 mansit
327 1586 382 1630 et
407 1577 697 1646 Aquinum
729 1578 796 1629 ad
826 1594 914 1628 me
943 1577 1211 1644 postridie
1235 1593 1397 1627 mane
1420 1576 1575 1627 venit
1604 1576 1849 1643 mihique

99 1669 341 1721 narravit
372 1686 476 1721 nec
515 1685 706 1721 secum
748 1668 896 1719 illam
928 1667 1168 1719 dormire
1196 1667 1442 1718 voluisse
1484 1674 1555 1728 et,
1590 1684 1714 1718 cum
1746 1667 1849 1718 dis-

100 1777 326 1813 cessura
381 1768 549 1822 esset,
597 1759 774 1811 fuisse
823 1758 1096 1810 eiusmodi
1141 1758 1360 1826 qualem
1417 1775 1521 1826 ego
1563 1757 1845 1810 vidissem.

101 1852 251 1920 Quid
280 1851 531 1920 quaeris?
574 1850 662 1902 vel
692 1850 799 1918 ipsi
837 1850 943 1901 hoc
974 1849 1125 1901 dicas
1167 1849 1314 1910 licet,
1347 1848 1754 1900 humanitatem
1799 1849 1849 1900 ei

100 1959 223 1994 meo
266 1942 469 1994 iudicio
511 1941 604 1992 illo
647 1941 736 1992 die
778 1940 1041 1992 defuisse.
1130 1940 1288 1991 Haec
1327 1940 1394 1990 ad
1428 1947 1486 1990 te
1516 1939 1714 2006 scripsi
1743 1939 1849 1990 for-

97 2041 249 2084 tasse
272 2032 522 2100 pluribus
547 2049 711 2100 quarn
737 2048 968 2083 necesse
997 2031 1120 2092 fuit,
1149 2038 1209 2081 ut
1232 2030 1449 2081 videres
1479 2038 1603 2081 tuas
1628 2046 1849 2098 quoque

101 2141 224 2175 esse
254 2132 441 2191 partes
472 2122 802 2174 instituendi
840 2130 895 2173 et
939 2121 1217 2173 monendi.
1308 2120 1607 2188 Reliquum
1652 2128 1753 2182 est,
1787 2128 1847 2172 ut

1019 2257 1183 2309 jection
1216 2257 1261 2296 in
1294 2256 1423 2308 lively
1452 2256 1769 2301 conversation,
1801 2268 1848 2294 as

1022 2313 1149 2351 Latin
1179 2311 1362 2364 comedy
1383 2311 1648 2364 abundantly
1677 2323 1846 2362 proves.

104 2268 276 2301 tenants
316 2260 401 2300 and
441 2261 594 2300 slaves.
613 2284 668 2289 —
684 2259 901 2299 accivero
921 2274 929 2298 z

104 2317 177 2356 the
207 2317 286 2356 fut.
310 2317 415 2368 perf.
437 2316 648 2355 indicates
678 2315 931 2355 sometimes

104 2373 217 2411 what
239 2373 321 2411 will
344 2373 516 2423 happen
538 2371 663 2410 while
684 2371 933 2421 something

103 2429 190 2467 else
208 2428 331 2468 takes
352 2429 488 2480 place.
534 2427 602 2466 Cf.
620 2429 831 2473 dimisero,
851 2427 930 2477 Ep.

105 2484 203 2522 XV.
246 2495 266 2522 2
308 2497 348 2522 n.
370 2508 424 2512 —
456 2495 632 2534 pueros
657 2497 665 2520 :
720 2481 932 2535 probably

101 2552 246 2592 young
264 2541 438 2578 Marcus
455 2538 539 2577 and
560 2551 706 2592 young
725 2538 930 2588 Quintus,

101 2596 197 2634 who
238 2594 548 2646 accompanied
589 2595 662 2633 the
703 2601 849 2632 orator
885 2599 930 2632 to

102 2651 263 2690 Cilicia.
279 2676 333 2680 —
348 2663 439 2702 ego
459 2680 468 2690 .
491 2680 500 2689 .
520 2680 530 2689 .
547 2651 753 2701 hospita,
773 2651 804 2687 l
818 2664 886 2688 am
904 2663 930 2687 a

101 2713 298 2757 stranger
346 2708 527 2746 ltere.—
550 2706 760 2746 Statius:
809 2707 931 2743 Pom-

101 2763 232 2813 ponia
262 2776 348 2802 was
389 2762 588 2814 annoyed
623 2769 666 2800 at
700 2761 813 2800 what
853 2761 931 2800 she

101 2818 310 2869 regarded
350 2831 396 2857 as
437 2819 511 2857 the
552 2817 848 2856 officiousness
886 2815 933 2854 of

104 2874 278 2913 Statius.
346 2874 412 2913 Cf.
448 2875 525 2924 Ep.
559 2873 664 2911 VII.
703 2884 716 2910 1
753 2885 793 2910 n.
809 2895 863 2899 ——
879 2878 930 2911 ut

104 2958 113 2967 .
139 2959 148 2968 .
174 2959 183 2968 .
206 2931 402 2976 videret,
420 2935 458 2967 to
478 2943 539 2967 see
559 2935 598 2966 to
614 2941 627 2967 .·
653 2941 677 2966 3
699 2927 929 2978 colloquial

104 2998 178 3024 use
197 2985 243 3023 of
257 2987 411 3024 videre.
440 2985 507 3023 Cf.
523 2986 681 3023 talaria
698 2985 928 3027 videamus,

104 3042 192 3079 Att.
216 3052 274 3090 14.
297 3052 358 3079 21.
383 3053 406 3088 4
429 3039 513 3078 and
536 3040 633 3078 Ter.
657 3040 811 3077 Heaut.
836 3049 928 3090 459.

103 3108 249 3144 —en,
272 3110 333 3135 see
363 3097 483 3142 tlmt,·
517 3108 541 3134 a
572 3107 774 3134 common
805 3094 930 3132 inter-

1022 2368 1089 2407 Cf.
1114 2369 1225 2414 Brix,
1251 2369 1388 2406 Plaut.
1421 2368 1539 2405 Trin.
1563 2379 1599 2418 3.

1076 2436 1112 2473 4.
1156 2425 1225 2463 sic
1254 2423 1459 2463 absurde
1480 2438 1487 2460 :
1520 2423 1604 2461 this
1627 2435 1702 2462 use
1724 2422 1770 2461 of
1790 2424 1849 2461 sic

1021 2487 1066 2520 to
1090 2493 1264 2531 express
1281 2479 1486 2530 intensity
1500 2478 1600 2517 with
1619 2478 1744 2517 verbs
1762 2478 1848 2517 and

1020 2536 1257 2588 adjectives
1278 2535 1314 2574 is
1341 2534 1480 2573 found
1510 2534 1663 2586 chiefly
1683 2534 1725 2572 in
1757 2534 1849 2573 Cic-

1020 2605 1092 2631 ero
1108 2591 1192 2630 and
1210 2591 1283 2630 the
1300 2590 1438 2630 comic
1453 2590 1614 2628 writers
1629 2590 1845 2642 (Tyrrell).

1022 2648 1193 2687 Similar
1227 2660 1360 2693 cases,
1394 2645 1592 2696 perhaps,
1628 2658 1699 2684 are
1738 2646 1845 2683 Hor.

1018 2705 1108 2742 Sat.
1137 2704 1169 2741 ⁴1.
1197 2713 1230 2756 5.
1253 2702 1323 2753 693
1348 2714 1383 2739 2.
1404 2713 1438 2753 3.
1459 2713 1491 2739 1.
1507 2724 1561 2729 —
1578 2702 1844 2748 stomacho,

1017 2772 1262 2809 annoyance
1275 2771 1293 2805 ,·
1325 2769 1529 2796 common
1550 2757 1591 2794 in
1615 2756 1699 2795 this
1721 2769 1847 2795 sense

1020 2815 1120 2867 only
1137 2815 1178 2852 in
1203 2814 1275 2852 the
1299 2814 1481 2851 Letters.
1496 2836 1549 2839 —
1564 2812 1677 2863 quid
1699 2824 1847 2863 quae-

1020 2871 1112 2909 ris:
1146 2869 1197 2908 cf.
1232 2870 1310 2919 Ep.
1344 2869 1395 2906 V.
1428 2880 1452 2916 4
1478 2880 1584 2905 n.-
1607 2874 1714 2907 tuas
1747 2896 1757 2906 .
1793 2894 1802 2905 .
1836 2897 1845 2906 .

1020 2925 1245 2964 monendi
1267 2939 1274 2961 :
1298 2924 1470 2962 Atticus
1493 2924 1528 2962 is
1550 2922 1779 2974 requested
1801 2929 1846 2962 to

1020 2993 1199 3031 reprove
1231 2980 1296 3017 his
1323 2979 1461 3024 sister,
1484 2978 1573 3030 just
1596 2991 1643 3017 as
1675 2978 1729 3018 he
1760 2978 1847 3017 had

1019 3036 1272 3087 apparently
1312 3034 1447 3073 asked
1498 3034 1651 3073 Cicero
1704 3042 1748 3073 to
1789 3047 1849 3073 re-

1018 3104 1150 3142 prove
1175 3091 1382 3139 Quintus;
1405 3090 1457 3129 cf.
1478 3102 1512 3142 3.
1552 3090 1740 3139 Quintus
1763 3089 1848 3129 and
