2067 3332
234 208 316 247 200
793 207 1071 246 CICERO’S
1114 208 1401 246 LETTERS.
1714 207 1812 259 [Ep.
1837 208 1973 245 LXV.

235 347 530 413 complecti
571 346 774 397 litteris
824 345 1159 398 maluissem.
1262 347 1443 407 NunC‚
1490 354 1550 397 ut
1600 363 1776 412 spem,
1822 347 1975 397 brevi

234 437 660 504 gratulabimur;
705 436 891 503 itaque
935 436 991 486 in
1033 436 1179 487 aliud
1223 444 1444 502 tempus
1488 436 1541 487 id
1584 444 1974 502 argumentum

237 526 507 594 epistulae
554 527 768 578 differo,
870 526 978 577 His
1024 535 1210 577 autem
1259 526 1459 577 litteris
1504 527 1748 577 animum
1797 534 1972 588 tuum,

236 634 400 683 quem
440 616 668 667 minime
710 616 1050 667 imbecillum
1095 633 1218 667 esse
1262 624 1315 667 et
1358 616 1520 667 audio
1563 624 1618 667 et
1660 633 1836 682 spem,
1870 617 1976 668 etsi

236 724 348 758 non
397 706 811 773 sapientissimi,
864 713 919 756 at
974 706 1297 757 amicissimi
1351 706 1590 757 hominis
1645 706 1976 757 auctoritate

237 797 675 848 confirmandum
707 796 874 847 etiam
910 804 1077 863 atque
1120 797 1285 847 etiam
1329 804 1480 863 puto,
1514 813 1616 848 nec
1659 796 1723 846 iis
1753 796 1974 863 quidem

236 887 418 938 verbis
449 887 650 953 quibus
680 894 736 937 te
767 887 1020 937 consoler
1050 894 1110 937 ut
1140 886 1423 938 adflictum
1455 895 1508 937 et
1540 886 1645 937 iam
1685 886 1836 936 omni
1878 903 1976 953 spe

239 977 432 1028 salutis
464 978 736 1036 orbatum,
771 977 868 1027 sed
907 985 967 1027 ut
1009 993 1133 1027 eum
1164 978 1232 1027 de
1269 977 1422 1027 cuius
1455 976 1836 1027 incolumitate
1865 993 1974 1027 non

238 1068 361 1134 plus
391 1067 640 1118 dubitem
678 1084 842 1134 quam
886 1074 942 1117 te
972 1066 1198 1117 memini
1228 1067 1482 1117 dubitare
1512 1067 1580 1117 de
1609 1084 1745 1118 mea.
1831 1067 1974 1117 Nam

239 1175 363 1209 cum
402 1173 490 1208 me
519 1174 584 1207 ex
614 1173 671 1208 re
701 1174 750 1223 p.
784 1156 1129 1222 expulissent
1173 1156 1210 1206 ii
1251 1157 1345 1223 qui
1388 1156 1534 1207 illam
1577 1157 1773 1208 cadere
1813 1173 1976 1223 posse

239 1254 424 1298 stante
453 1264 541 1298 me
570 1263 680 1297 non
712 1254 989 1313 putarent,
1023 1246 1251 1297 memini
1287 1263 1375 1296 me
1411 1263 1478 1297 ex
1518 1246 1706 1297 multis
1749 1246 1976 1312 hospiti-

240 1338 342 1388 bus
373 1337 467 1404 qui
495 1338 563 1388 ad
593 1354 681 1387 me
711 1354 777 1387 ex
806 1336 963 1398 Asia,
998 1336 1053 1386 in
1083 1354 1189 1403 qua
1217 1344 1278 1387 tu
1310 1353 1446 1398 eras,
1471 1343 1756 1397 venerant,
1788 1336 1977 1386 audire

239 1435 296 1478 te
326 1428 393 1478 de
422 1427 663 1494 glorioso
699 1434 754 1477 et
798 1426 963 1478 celeri
1005 1426 1186 1477 reditu
1229 1443 1351 1477 meo
1394 1427 1735 1477 confirmare.
1819 1425 1879 1477 Si
1920 1433 1976 1476 te

241 1518 379 1568 ratio
410 1518 677 1585 quaedam
710 1518 982 1568 Etruscae
1012 1517 1350 1583 disciplinae,
1378 1534 1541 1583 quam
1571 1534 1602 1567 a
1629 1524 1800 1582 patre,
1827 1516 1977 1566 nobi-

241 1608 450 1659 lissimo
493 1615 660 1674 atque
703 1607 914 1674 optimo
956 1606 1088 1668 vim,
1134 1624 1444 1673 acceperaS‚
1491 1624 1601 1657 non
1642 1606 1859 1667 fefellit,
1905 1623 1976 1656 ne

241 1715 343 1749 nos
385 1698 606 1765 quidem
656 1705 846 1748 nostra
888 1696 1155 1748 divinatio
1213 1696 1411 1759 fallet3
1467 1714 1629 1764 quam
1673 1714 1797 1748 cum
1841 1696 1977 1763 sapi-

243 1787 656 1839 entissimorum
710 1787 951 1838 virorum
1007 1787 1384 1838 monumentis
1439 1795 1605 1854 atque
1642 1787 1975 1853 ‘praeceptis

243 1877 603 1944 plurimoque,
650 1885 710 1927 ut
753 1885 814 1928 tu
857 1877 982 1938 sciS‚
1029 1877 1316 1928 doctrinae
1365 1877 1564 1938 studiO,
1610 1884 1728 1927 tum
1777 1893 1976 1944 magno

244 1968 409 2018 etiam
439 1985 543 2018 usu
572 1968 892 2018 tractandae
927 1967 1006 2017 rei
1048 1985 1097 2034 p.
1132 1984 1442 2034 magnaque
1484 1974 1801 2018 nostrorum
1843 1974 1977 2017 tem-

242 2075 435 2124 porum
464 2057 733 2108 varietate
769 2057 1055 2108 consecuti
1099 2074 1306 2109 sumus,
1393 2056 1496 2107 Cui
1525 2057 1746 2124 quidem
1776 2056 1978 2107 divina-

243 2147 382 2198 tioni
410 2148 513 2198 hoc
543 2147 664 2214 plus
696 2147 1040 2208 confidimus,
1073 2148 1219 2214 quod
1262 2163 1326 2197 ea
1367 2164 1468 2197 nos
1496 2147 1634 2197 nihil
1663 2146 1718 2197 in
1749 2146 1834 2197 his
1863 2153 1975 2197 tam

244 2237 493 2288 obscuris
543 2238 707 2288 rebus
764 2246 987 2304 tamque
1042 2237 1379 2303 perturbatis
1437 2254 1696 2304 umquam
1753 2236 1976 2287 omnino

243 2327 459 2379 fefellit.
530 2328 789 2378 Dicerem
820 2345 959 2394 quae
988 2335 1119 2378 ante
1148 2327 1337 2378 futura
1366 2327 1643 2388 dixissem,
1676 2327 1732 2377 ni
1761 2342 1979 2376 vererer

301 2456 336 2483 2.
368 2445 399 2483 ii
414 2445 494 2495 qui
518 2474 528 2483 .
553 2474 562 2483 .

244 2500 453 2551 probably
475 2500 553 2539 has
577 2501 737 2538 Caesar
758 2499 843 2537 and
877 2500 1067 2551 Pompey

587 2474 596 2483 .
621 2451 870 2496 putarent:
913 2445 1064 2482 Cicero
1154 2444 1305 2483 trinae
1338 2444 1535 2492 studio);
1570 2443 1630 2495 (2)
1662 2443 1729 2482 his
1758 2443 1862 2494 long
1892 2440 1978 2481 and

1154 2500 1298 2538 varied
1322 2500 1570 2550 experience
1592 2500 1632 2537 in
1656 2498 1797 2549 public
1819 2498 1976 2537 affairs.

244 2555 286 2593 in
319 2555 437 2593 mind
467 2568 513 2594 as
537 2556 626 2593 well
659 2568 705 2593 as
738 2555 1066 2593 Clodius—in

246 2623 338 2661 qua
360 2617 410 2649 tu
434 2623 564 2649 eras:
597 2609 791 2660 engaged
807 2610 849 2647 in
867 2609 1065 2648 business

246 2666 532 2704 transactions
554 2665 785 2717 probably;
809 2665 861 2703 cf.
886 2667 1004 2703 Fam.
1029 2664 1065 2704 6.

245 2720 282 2759 8.
309 2733 343 2758 2.

303 2788 338 2827 3.
377 2777 610 2815 Etruscae
653 2776 932 2826 disciplinae
952 2791 959 2812 :
1010 2775 1066 2814 cf.

245 2831 477 2869 studiorum
497 2833 686 2881 parium,
707 2843 738 2868 Ι.
754 2843 964 2882 —quam
989 2860 998 2868 .
1023 2859 1033 2868 .
1057 2860 1067 2869 .

248 2887 492 2925 consecuti
516 2899 684 2925 sumus
705 2902 713 2925 ε
750 2886 937 2925 Cicero’s
962 2886 1070 2924 fore-

247 2949 337 2980 cast
369 2941 414 2979 of
439 2942 510 2979 the
531 2941 674 2980 future
696 2948 805 2980 rests
829 2954 942 2992 upon
964 2956 971 2978 :
1007 2941 1065 2990 (1)

248 2996 319 3035 the
339 2997 560 3046 teachings
576 2997 621 3034 of
642 2997 740 3035 wise
763 3010 858 3034 rnen
881 2999 1069 3043 (monu-

249 3052 422 3089 mentis
464 3059 606 3101 atque
648 3052 935 3102 praeceptis)
984 3050 1069 3089 and

249 3106 312 3144 his
335 3119 429 3143 own
447 3106 574 3159 study
592 3106 638 3144 of
658 3106 918 3159 philosophy
940 3106 1069 3157 (doc-

1153 2555 1421 2606 —plurimo
1441 2570 1449 2593 :
1473 2555 1545 2593 the
1563 2554 1811 2593 attributive
1834 2567 1908 2591 use
1930 2552 1977 2590 of

1155 2611 1227 2649 the
1266 2611 1457 2660 singular
1491 2611 1713 2659 plurimus
1747 2610 1782 2648 is
1813 2621 1905 2646 rare
1934 2608 1977 2646 in

1156 2665 1347 2704 classical
1397 2677 1536 2715 prose,
1582 2664 1665 2702 and
1713 2664 1749 2703 is
1790 2663 1978 2714 scarcely

1154 2720 1291 2759 found
1322 2719 1492 2759 outside
1523 2719 1596 2758 the
1629 2719 1818 2758 formula
1840 2719 1979 2768 pluri-

1155 2790 1267 2815 mam
1290 2777 1465 2813 salutem
1497 2777 1630 2814 dicere
1655 2774 1864 2824 (B'ockel).

1211 2843 1246 2879 4.
1280 2832 1404 2881 quod
1428 2843 1482 2868 ea
1507 2859 1516 2867 .
1541 2859 1550 2868 .
1575 2859 1584 2868 .
1604 2830 1791 2868 fefellit:
1813 2829 1866 2868 cf.
1886 2828 1978 2867 Cic-

1155 2887 1265 2925 ero's
1288 2898 1381 2924 own
1404 2884 1541 2924 words
1563 2885 1604 2923 in
1626 2886 1712 2922 Att.
1727 2896 1760 2936 3.
1785 2894 1843 2936 15.
1866 2894 1886 2936 5
1909 2884 1976 2922 lzic

1155 2942 1266 2979 milti
1275 2942 1468 2990 primum
1488 2954 1624 2979 meum
1647 2941 1868 2979 consilium
1894 2951 1976 2976 non

1154 2998 1288 3034 solum
1340 2997 1485 3047 defuit,
1540 2996 1614 3034 sed
1661 2996 1783 3032 etiam
1834 2995 1973 3045 obfuit.

1160 3052 1288 3095 Caeci,
1306 3052 1422 3095 caeci,
1440 3052 1626 3101 inquam,
1636 3050 1755 3100 fuim
1762 3063 1812 3087 us
1827 3050 1873 3086 in
1894 3062 1976 3087 ves-

1156 3108 1235 3144 titu
1256 3106 1457 3143 mutando
1476 3106 1535 3157 (in
1547 3105 1719 3155 putting
1735 3117 1791 3142 on
1809 3115 1976 3141 mourn-
