2067 3332
255 130 335 173 278
821 130 1100 169 CICERO'S
1143 131 1431 169 LETTERS.

1711 131 1809 183 [Ep.
1835 132 1996 170 XCVI.

254 278 310 321 te
352 286 575 321 nossem
612 276 668 320 et
708 276 927 320 tuarum
967 269 1278 320 litterarum
1317 270 1385 320 ad
1424 286 1512 320 me
1551 270 1843 321 missarum
1879 289 1997 337 pro-

254 360 424 412 missa
478 359 858 411 meminissem
903 367 958 410 et
1001 360 1264 412 haberem
1308 377 1339 410 a
1390 360 1599 411 Furnio
1656 368 1847 412 nostro
1902 369 1998 412 tua

253 451 477 519 penitus
509 450 739 502 consilia
774 450 998 517 cognita
1012 467 1023 513 ;
1068 451 1165 501 sed
1204 450 1425 501 senatui
1460 451 1667 502 maiora
1706 451 1824 502 visa
1866 459 1997 502 sunt

253 559 417 610 quam
447 549 604 592 erant
640 548 980 607 exspectata,
1013 557 1125 591 non
1162 557 1270 607 quo
1304 558 1548 608 unquam
1584 541 1652 592 de
1681 549 1777 592 tua
1809 541 1998 592 volun-

253 640 370 684 tate
412 632 742 693 dubitasset,
789 632 886 682 sed
943 648 1047 683 nec
1097 638 1368 698 quantum
1423 631 1607 682 facere
1657 648 1851 698 posses
1893 649 1996 683 nec

254 724 435 791 quoad
511 722 771 790 progredi
837 721 1010 773 velles
1093 721 1438 788 exploratum
1522 721 1657 772 satis
1737 722 1992 774 habebat.

199 833 218 849 0
256 815 466 881 Itaque,
527 831 653 865 cum
697 831 741 864 a.
795 813 845 864 d.
898 796 978 863 Vn
1030 813 1162 863 Idus
1213 812 1426 879 Aprilis
1477 829 1639 863 mane
1688 812 1825 862 mihi
1871 820 1995 863 tuas

253 904 469 955 litteras
514 904 591 955 M.
642 903 957 954 Varisidius
1002 902 1335 953 reddidisset
1374 919 1577 970 easque
1611 902 1887 969 legissem,
1920 902 1996 953 in-

254 994 504 1046 credibili
545 994 747 1061 gaudio
791 1011 912 1044 sum
957 993 1150 1054 elatUS,
1186 1009 1421 1059 cumque
1465 1010 1666 1060 magna
1697 993 1995 1043 multitudo

253 1085 588 1152 optimorum
618 1084 860 1135 virorum
903 1092 958 1135 et
1002 1083 1203 1135 civium
1243 1100 1332 1134 me
1366 1084 1435 1134 de
1473 1084 1635 1134 domo
1677 1084 1992 1144 deduceret,

253 1175 365 1227 feci
407 1175 673 1227 continuo
715 1175 895 1225 omnis
939 1173 1238 1241 participes
1295 1190 1451 1224 meae
1506 1173 1825 1240 voluptatis,
1911 1174 1996 1224 In-

253 1266 415 1317 terim
451 1266 519 1316 ad
553 1282 642 1316 me
670 1265 824 1315 venit
865 1264 1153 1315 Munatius
1183 1271 1388 1325 noster,
1423 1271 1483 1314 ut
1515 1271 1825 1315 consuerat.
1911 1263 1992 1314 At

255 1374 357 1424 ego
388 1356 439 1407 ei
466 1357 681 1407 litteras
712 1363 853 1416 tuas,
888 1355 1162 1405 nihildum
1194 1354 1342 1405 enim
1373 1354 1612 1416 sciebat;
1654 1371 1781 1404 nam
1811 1355 1879 1405 ad
1907 1371 1995 1404 me

254 1448 490 1514 primum
544 1446 874 1507 Varisidiu5‚
921 1446 1086 1513 idque
1141 1445 1245 1496 sibi
1300 1462 1331 1496 a
1384 1452 1441 1495 te
1495 1445 1816 1495 mandatum
1873 1461 1996 1495 esse

254 1538 488 1589 dicebat.
577 1537 743 1588 Paulo
782 1544 908 1603 post
952 1537 1096 1587 idem
1140 1536 1275 1586 mihi
1315 1535 1602 1586 Munatius
1646 1552 1737 1586 eas
1779 1534 1993 1586 litteras

254 1629 519 1695 legendas
563 1627 715 1678 dedit
759 1644 894 1694 quas
931 1626 1035 1693 ipsi
1077 1626 1323 1687 miseras,
1356 1633 1411 1676 et
1451 1642 1543 1676 eas
1586 1642 1722 1692 quas
1758 1624 1993 1692 publice.

257 1719 466 1770 Placuit
509 1718 669 1769 nobis
713 1725 773 1768 ut
813 1717 1002 1768 statim
1045 1717 1112 1768 ad
1157 1716 1467 1768 Cornutum
1510 1733 1588 1782 pr.
1632 1716 1749 1767 urb.
1781 1715 1995 1766 litteras

255 1809 616 1869 deferremUS‚
676 1809 784 1875 qui,
844 1808 991 1875 quod
1067 1807 1325 1858 consules
1401 1807 1647 1867 aberant,
1708 1806 1996 1857 consulare

255 1916 457 1950 munus
513 1898 825 1949 sustinebat
881 1914 1035 1968 more
1085 1897 1372 1949 maiorum.
1460 1897 1702 1949 Senatus
1747 1904 1832 1947 est
1874 1913 1998 1947 con-

255 1990 412 2040 tinuo
443 1996 782 2041 convocatus
816 1989 1195 2055 frequensque
1236 1987 1498 2039 convenit
1538 1995 1764 2054 propter
1791 1987 1995 2037 famam

255 2088 423 2147 atque
479 2079 953 2145 exspectationem
1023 2086 1242 2129 tuarum
1310 2078 1634 2129 litterarum.
1722 2076 1996 2128 Recitatis

256 2170 457 2220 litteris
488 2169 673 2220 oblata
700 2169 896 2236 religio
930 2169 1179 2220 Cornuto
1209 2176 1294 2219 est
1325 2168 1680 2234 pullariorum
1711 2166 1995 2218 admonitu

255 2300 385 2337 very;
426 2286 759 2337 strengthening
790 2286 862 2324 the
892 2286 1011 2324 force
1044 2286 1092 2324 of

257 2343 330 2381 the
375 2342 742 2394 adj.—tuarum
791 2342 1089 2380 litterarum:

257 2400 317 2436 z'.e.
342 2399 461 2436 Fam.
498 2409 557 2436 10.
581 2410 605 2446 4
637 2397 722 2436 and
754 2409 790 2446 7.
808 2422 862 2426 —-
881 2398 1060 2436 Furnio
1082 2411 1089 2434 z

259 2453 331 2492 the
367 2454 508 2503 legate
544 2453 590 2491 of
632 2454 827 2492 Plancus.
891 2454 976 2491 For
1017 2453 1090 2491 the

258 2515 506 2554 statement,
524 2509 576 2547 cf.
613 2511 729 2547 Fam.
766 2520 826 2546 10.
860 2508 895 2547 6.
938 2520 982 2553 13
1030 2520 1089 2547 10.

265 2575 323 2602 10.
351 2565 767 2615 1.—exploratum
801 2564 921 2603 satis
951 2565 1091 2603 habe-

259 2622 339 2658 bat
363 2634 370 2656 :
395 2619 446 2657 cf.
471 2620 574 2657 Intr.
596 2620 650 2667 84
672 2622 710 2658 d.

317 2687 351 2712 2.
386 2676 454 2713 M.
500 2676 805 2714 Varisidius:
852 2687 877 2713 a
918 2676 1088 2713 Roman

259 2729 426 2780 knight‚
450 2730 545 2768 who
578 2743 697 2769 carne
725 2731 839 2768 from
871 2730 943 2768 the
966 2742 1090 2780 camp

260 2785 306 2823 of
342 2786 548 2832 Plancus3
584 2786 636 2824 cf.
676 2787 795 2823 Fam.
831 2797 891 2823 10.
922 2797 1092 2834 7.1.——

263 2842 514 2880 Munatius
556 2848 749 2880 noster:
782 2841 833 2878 T.
867 2841 1090 2879 Munatius

263 2897 460 2942 Plancus,
492 2910 517 2935 a
548 2897 722 2935 relative
754 2896 801 2934 of
831 2896 903 2934 the
934 2908 1091 2946 person

260 2951 508 2990 addressed.
571 2952 638 2990 Cf.
665 2963 698 3004 5.
717 2975 770 2979 —
789 2963 880 3002 ego
899 2952 942 2989 ei
963 2951 1091 2990 litte-

261 3019 338 3045 ras
384 3014 522 3046 tuas:
572 3021 622 3045 sc.
674 3008 865 3057 legendas
913 3008 1092 3044 dedi.—

260 3062 521 3101 nihildum:
568 3062 640 3100 the
676 3062 845 3100 enclitic
899 3062 1000 3099 dum
1057 3061 1092 3100 is

1164 2285 1392 2337 appended
1420 2285 1462 2324 in
1485 2284 1666 2337 comedy
1685 2284 1929 2336 frequently
1950 2289 1995 2321 to

1162 2341 1437 2392 imperatives
1459 2340 1544 2379 and
1579 2340 1890 2390 interjections‚
1913 2338 1996 2376 and

1163 2397 1451 2448 occasionally
1473 2403 1518 2435 to
1541 2395 1834 2434 enumerative
1856 2393 1996 2433 words

1161 2453 1249 2491 like
1271 2455 1483 2502 primum.
1545 2451 1611 2490 Cf.
1635 2451 1734 2489 Brix
1767 2463 1824 2488 on
1857 2450 1994 2488 Plaut.

1171 2509 1290 2546 Trin.
1311 2507 1374 2558 98,
1391 2506 1476 2545 and
1499 2508 1668 2545 Lorenz
1689 2519 1747 2544 on
1762 2507 1886 2544 Most.
1906 2516 1994 2543 120.

1165 2563 1215 2601 In
1237 2576 1364 2614 prose
1385 2563 1418 2601 it
1435 2563 1470 2601 is
1491 2561 1629 2600 found
1651 2561 1879 2600 elsewhere
1896 2560 1996 2612 only

1162 2619 1204 2657 in
1237 2619 1310 2657 the
1333 2618 1650 2656 combinations
1682 2617 1884 2662 nondum,
1906 2618 1996 2653 vix-

1161 2675 1277 2719 dum,
1292 2675 1521 2719 interdum,
1539 2673 1782 2717 etiamdum,
1799 2672 1990 2721 agedum,

1162 2729 1247 2767 and
1286 2730 1509 2779 agitedum.
1524 2739 1673 2766 -eas
1714 2739 1834 2778 quas
1884 2727 1995 2777 pub-

1162 2785 1278 2823 lice:
1321 2785 1394 2823 the
1434 2784 1561 2822 letter
1586 2821 1588 2823 ,
1608 2789 1654 2821 to
1705 2783 1777 2820 the
1832 2787 1993 2826 senate,

1162 2842 1281 2878 Fam.
1310 2851 1369 2877 10.
1391 2839 1429 2878 8.

1220 2907 1254 2946 3.
1286 2895 1412 2946 quod
1436 2893 1660 2933 consules
1683 2894 1904 2931 aberant:
1931 2890 1984 2929 cf.

1165 2951 1270 2988 Intr.
1292 2962 1357 2998 42.
1375 2974 1429 2978 -—
1445 2950 1604 2988 oblata
1628 2978 1637 2986 .
1662 2977 1671 2986 .
1697 2977 1706 2985 .
1738 2954 1825 2994 est,
1849 2961 1875 2985 a
1897 2947 1989 2985 reli-

1156 3007 1279 3055 gious
1309 3006 1513 3056 dffc2tlz‘jf
1547 3004 1771 3054 presented
1796 3001 1920 3052 itself.
1936 3023 1990 3028 —-

1164 3061 1495 3111 pullariorum:
1527 3059 1569 3097 in
1601 3058 1716 3109 early
1755 3057 1879 3095 times
1920 3055 1992 3093 the
