2067 3332
211 207 264 247 92
772 205 1049 244 CICERo’s
1091 206 1378 244 LETTERS.
1674 205 1772 258 [Ep.
1799 208 1950 246 XXII.

212 346 341 397 lum.
455 345 548 397 Sic
605 344 752 395 enim
807 345 1026 405 habet0‚
1075 362 1374 411 numquam
1431 361 1519 395 me
1573 361 1604 395 a
1657 345 1838 396 causis
1896 354 1950 396 et

213 436 427 486 iudiciis
458 434 852 486 districtiorem
881 435 1074 496 fuisse,
1106 443 1273 502 atque
1308 435 1361 485 id
1399 434 1531 486 anni
1559 442 1808 502 tempore
1837 453 1951 502 gra-

212 525 438 576 vissimo
482 533 536 575 et
579 524 851 575 caloribus
896 525 1162 576 maximis,
1250 524 1361 576 Sed
1403 525 1555 586 haee,
1588 525 1847 592 quoniam
1889 534 1951 577 tu

214 615 291 666 ita
331 614 676 681 praescribiS,
709 614 941 665 ferenda
983 622 1130 676 sunt,
1164 631 1345 682 neque
1388 615 1848 666 committendum
1892 624 1950 666 ut

212 713 304 756 aut
356 705 475 772 spei
521 712 614 755 aut
666 704 991 771 cogitationi
1034 712 1254 755 vestrae
1303 721 1407 772 ego
1448 705 1637 756 videar
1685 705 1949 767 defuisse,

213 795 538 861 praesertim
582 812 723 856 cum,
771 794 817 845 si
858 794 912 844 id
955 794 1230 845 difficilius
1276 794 1462 855 fuerit,
1508 787 1695 845 tamen
1739 811 1806 845 ex
1847 796 1951 846 hoc

212 886 399 937 labore
452 903 708 952 magnam
764 885 994 951 gratiam
1049 901 1419 951 magnamque
1461 885 1792 951 dignitatem
1847 885 1950 935 sim

213 976 581 1026 conlecturus.
668 976 879 1041 Itaque,
912 983 971 1025 ut
1006 974 1110 1025 tibi
1151 975 1347 1041 placet,
1381 976 1574 1025 damus
1617 991 1839 1041 operam
1882 992 1951 1026 ne

213 1066 368 1117 cuius
398 1066 643 1116 animum
679 1066 1030 1116 offendamus
1073 1073 1240 1132 atque
1284 1073 1344 1115 ut
1389 1065 1554 1116 etiam
1597 1066 1664 1116 ab
1709 1065 1773 1115 iis
1816 1066 1949 1132 ipsis

213 1156 306 1223 qui
337 1174 436 1207 nos
467 1174 590 1207 cum
622 1156 859 1207 Caesare
903 1163 1016 1206 tam
1060 1155 1388 1207 coniunctos
1419 1155 1608 1206 dolent
1639 1156 1946 1222 diligamur,

213 1248 281 1297 ab
330 1246 519 1313 aequis
561 1263 691 1296 vero
739 1254 833 1296 aut
885 1247 1052 1296 etiam
1102 1246 1392 1312 propensis
1443 1246 1497 1296 in
1547 1246 1689 1297 hanc
1737 1254 1949 1312 partem

212 1337 572 1387 vehementer
613 1344 668 1387 et
711 1337 954 1387 colamur
996 1344 1051 1387 et
1093 1353 1373 1387 amemur..
1443 1337 1530 1386 De
1572 1336 1782 1386 ambitu
1826 1353 1949 1387 cum

213 1427 559 1478 atrocissime
601 1434 859 1493 ageretur
901 1427 957 1476 in
1002 1435 1201 1478 senatu
1244 1426 1447 1477 multos
1494 1426 1630 1487 dieS,
1675 1427 1820 1493 quod
1876 1426 1952 1477 ita

215 1525 369 1567 erant
413 1517 693 1583 progressi
735 1517 1015 1568 candidati
1057 1517 1377 1568 consulares
1421 1524 1481 1567 ut
1531 1533 1642 1566 non
1686 1524 1834 1567 esset
1876 1516 1951 1566 fe-

215 1608 462 1668 rendum,
496 1607 551 1657 in
583 1615 779 1658 senatu
814 1625 925 1657 non
966 1607 1062 1658 fui.
1149 1607 1333 1658 Statui
1375 1608 1442 1657 ad
1486 1607 1690 1657 nullam
1733 1606 1951 1657 medici-

1826 1697 1951 1763 Quo

215 1788 303 1837 die
338 1788 472 1838 haec
516 1787 726 1853 scripsi,
761 1788 978 1838 Drusus
1023 1795 1139 1838 erat
1170 1788 1238 1838 de
1281 1787 1749 1854 praevaricatione
1791 1804 1821 1837 a
1862 1787 1952 1836 tri-

216 1714 340 1747 nam
372 1697 451 1747 rei
479 1698 732 1763 publicae
763 1697 881 1748 sine
911 1715 1112 1764 magno
1144 1697 1419 1763 praesidio
1460 1698 1740 1748 accedere.

216 1878 380 1928 bunis
410 1878 633 1928 aerariis
664 1878 968 1938 absolutuS,
1004 1878 1057 1928 in
1091 1895 1304 1928 summa
1333 1886 1597 1944 quattuor
1639 1877 1950 1936 sententiis,

276 2020 309 2046 Ι.
351 2009 419 2047 Sic
460 2010 663 2048 habeto:
705 2008 758 2047 cf.
799 2011 857 2047 sic
886 2009 1039 2054 habeto,

218 2066 297 2115 Ep.
317 2065 484 2102 XXVI.
508 2076 521 2101 1
551 2077 659 2101 n.—
675 2064 787 2102 anni
805 2071 1039 2115 tempore:

218 2122 401 2170 August,
442 2120 515 2157 the
555 2119 743 2158 weather
786 2120 915 2169 being
963 2120 1041 2158 hot

216 2188 322 2214 even
347 2174 417 2212 for
447 2175 540 2213 that
571 2175 741 2223 month;
773 2175 825 2213 cf.
853 2175 979 2227 er.
1004 2187 1039 2226 3.

221 2242 252 2268 1.
290 2243 393 2268 1.—
413 2237 630 2269 vestrae:
662 2245 714 2269 sc.
747 2231 793 2268 of
832 2244 915 2282 you
956 2230 1041 2269 and

217 2287 389 2324 Caesar.
405 2310 459 2313 —
474 2298 529 2324 ex
551 2287 640 2324 hoc
662 2286 821 2325 labore
844 2301 851 2323 :
889 2286 1040 2324 Cicero

215 2341 250 2379 is
267 2341 475 2392 probably
491 2341 695 2391 referring
713 2349 757 2379 to
777 2341 842 2379 his
860 2348 1041 2392 support

217 2397 264 2434 of
294 2397 366 2435 the
398 2396 697 2434 Triumvirate.
772 2397 938 2447 During
969 2397 1042 2435 the

216 2464 315 2503 year
349 2462 409 2503 54,
441 2452 494 2490 he
525 2451 740 2490 delivered
775 2452 967 2490 orations
999 2452 1041 2490 in

216 2507 363 2545 behalf
394 2506 440 2544 of
471 2507 679 2545 Gabinius
713 2507 782 2557 (cf.
807 2513 891 2556 pro
920 2508 1043 2545 Rabi-

217 2564 279 2600 rio
308 2564 418 2600 Post.
452 2563 535 2612 32),
569 2563 780 2607 Vatinius,
815 2562 899 2600 and
933 2563 1043 2601 Mes-

216 2618 303 2656 sius
330 2618 399 2668 (cf.
417 2619 503 2655 Att.
527 2629 565 2665 4.
593 2629 652 2669 15.
675 2618 733 2668 9),
758 2618 811 2656 all
834 2618 881 2655 of
902 2618 1041 2656 whom

217 2686 324 2711 were
355 2673 468 2710 tools
503 2673 549 2711 of
592 2673 665 2711 the
698 2673 927 2718 triumvirs‚
959 2672 1043 2711 and

217 2728 288 2766 the
310 2727 400 2766 first
423 2735 506 2766 two
528 2728 614 2766 had
638 2728 746 2766 been
769 2729 930 2766 former
951 2741 1044 2766 ene-

216 2784 320 2821 mies
343 2783 389 2821 of
417 2783 580 2822 Cicero.
644 2784 710 2821 Cf.
735 2791 837 2821 note
861 2791 904 2821 to
938 2784 1044 2821 Vati-

216 2842 334 2876 nium
378 2839 600 2876 below.—
621 2841 681 2877 ab
714 2839 771 2877 iis
813 2839 931 2889 ipsis
963 2838 1043 2888 qui

218 2922 226 2931 .
261 2923 270 2931 .
305 2922 314 2931 .
347 2894 535 2932 dolent:
581 2894 653 2932 the
695 2894 863 2931 oration
905 2893 1042 2931 which

217 2949 368 2987 Cicero
391 2949 606 2987 delivered
637 2949 678 2986 in
712 2949 784 2986 the
806 2961 923 2986 same
946 2961 1044 3000 year

216 3005 255 3041 in
279 3003 454 3042 defense
473 3004 519 3041 of
544 3005 601 3041 M.
623 3004 832 3041 Aemilius
857 3006 1042 3041 Scaurus

219 3059 289 3108 (cf.
304 3061 387 3096 Att.
407 3071 442 3106 4.
465 3070 522 3110 15.
541 3060 595 3108 9),
610 3072 685 3096 son
703 3059 750 3096 of
765 3059 838 3096 the
859 3060 1044 3096 Scaurus

216 3114 310 3151 who
333 3127 382 3152 so
415 3115 629 3165 earnestly
651 3112 939 3163 championed
970 3113 1043 3151 the

1131 2021 1260 2048 cause
1303 2008 1350 2047 of
1392 2009 1465 2047 the
1505 2008 1774 2060 aristocracy,
1811 2006 1951 2047 would

1131 2065 1342 2117 naturally
1362 2065 1506 2115 please
1529 2064 1600 2103 the
1627 2064 1882 2114 Optimates.
1900 2086 1953 2090 —-

1131 2121 1314 2171 aequis,
1353 2120 1636 2171 fairminded,
1687 2121 1748 2157 i.e.
1790 2118 1953 2157 toward

1133 2176 1304 2214 Caesar.
1319 2198 1373 2203 ——
1393 2175 1659 2225 propensis,
1697 2180 1775 2213 etc.
1799 2189 1807 2212 :
1849 2174 1954 2212 Cae-

1131 2231 1236 2270 sar's
1257 2237 1524 2281 supporters.

1189 2298 1222 2323 2.
1255 2287 1312 2324 de
1337 2286 1536 2325 ambitu:
1573 2285 1625 2323 cf.
1652 2285 1698 2332 Q.
1718 2285 1786 2336 fr.
1808 2295 1844 2336 3.
1870 2295 1904 2322 2.
1928 2295 1951 2336 3

1135 2342 1317 2390 (written
1340 2348 1423 2379 two
1445 2341 1620 2379 months
1641 2340 1765 2391 later)
1788 2341 1837 2378 de
1865 2353 1950 2378 am-

1131 2398 1217 2435 bitu
1233 2397 1442 2446 postulati
1466 2402 1567 2434 sunt
1595 2409 1735 2433 omnes
1762 2396 1839 2445 qui
1866 2408 1955 2432 con-

1130 2453 1315 2490 sulatum
1331 2457 1507 2501 petunt:
1538 2465 1563 2488 a
1589 2451 1790 2489 Μενιφηίο
1811 2451 1955 2487 Domi-

1131 2509 1227 2553 tius,
1257 2521 1281 2545 a.
1317 2507 1364 2554 Q.
1397 2508 1434 2544 A
1440 2508 1560 2550 cutio,
1593 2507 1691 2544 bono
1724 2511 1764 2543 et
1790 2505 1953 2543 erudito

1130 2563 1399 2606 adulescente,
1423 2563 1665 2605 Memmius,
1695 2574 1721 2598 a
1760 2560 1805 2608 Q.
1835 2561 1956 2598 Pom-

1123 2619 1217 2667 peio
1249 2618 1462 2662 Messalla,
1487 2630 1512 2654 a
1551 2617 1721 2655 Triario
1750 2617 1953 2654 Scaurus.

1133 2673 1199 2711 Cf.
1223 2673 1315 2710 also
1338 2674 1423 2710 Att.
1447 2685 1483 2720 4.
1512 2683 1571 2720 17.
1597 2683 1631 2709 2.

1187 2740 1222 2779 3.
1269 2729 1455 2767 Drusus
1476 2742 1483 2765 :
1543 2726 1751 2777 probably
1813 2725 1956 2763 Livius

1134 2784 1302 2821 Drusus
1320 2782 1598 2825 Claudianus,
1613 2780 1893 2831 grandfather
1909 2779 1957 2818 of

1132 2838 1204 2876 the
1238 2851 1434 2887 emperor
1463 2836 1670 2875 Tiberius.
1692 2859 1746 2864 ——
1767 2835 1956 2874 absolu-

1131 2899 1224 2939 tus,
1239 2900 1336 2931 ete.:
1352 2892 1456 2931 each
1473 2892 1519 2930 of
1532 2892 1604 2930 the
1620 2891 1738 2929 three
1752 2891 1955 2934 decuriae,

1132 2947 1366 2998 composed
1385 2947 1665 2998 respectively
1679 2945 1725 2984 of
1745 2951 1955 2989 senators,

1132 3003 1320 3053 knights,
1343 3002 1428 3040 and
1449 3003 1612 3039 tribuni
1628 3002 1806 3045 aerarii,
1825 2998 1956 3038 voted

1132 3058 1371 3109 separately
1404 3057 1474 3108 (cf.
1518 3055 1709 3106 Madvig,
1762 3056 1872 3107 Verf.
1913 3068 1954 3092 u.

1143 3113 1276 3150 Ver-w.
1298 3113 1354 3149 II.
1375 3111 1486 3163 328).
1531 3112 1580 3149 In
1603 3111 1688 3149 this
1710 3122 1806 3149 case
1828 3123 1853 3147 a
1874 3122 1957 3147 ma-
