2067 3332
205 164 259 203 44
767 161 1044 201 CICERO'S
1085 162 1372 201 LETTERS.
1690 163 1789 216 [Ep.
1815 165 1943 202 VIII.

207 317 405 366 passus
438 307 612 361 esset;
656 300 820 350 fidem
851 300 1132 366 recepisse
1161 301 1266 351 sibi
1296 309 1350 353 et
1382 301 1562 367 ipsum
1607 310 1660 352 et
1692 302 1942 369 Appium

207 391 275 440 de
305 406 418 453 me;
461 390 604 442 hanc
635 390 680 440 si
712 390 801 441 ille
831 408 941 441 non
972 399 1231 452 servaret,
1266 391 1342 442 ita
1371 391 1609 442 laturum
1649 400 1708 442 ut
1751 409 1944 443 omnes

207 481 601 548 intellegerent
632 480 769 530 nihil
799 481 906 532 sibi
933 481 1216 549 antiquius
1247 481 1489 533 amicitia
1517 489 1710 533 nostra
1749 483 1938 534 fuisse.

210 571 368 622 Haec
399 579 453 622 et
485 571 539 621 in
571 588 691 622 eam
733 571 1068 622 sententiam
1112 589 1237 623 curn
1280 572 1455 623 multa
1483 571 1729 634 dixisset,
1762 573 1943 624 aiebat

208 660 360 711 illum
390 661 567 727 primo
597 678 730 712 sane
760 661 852 712 diu
882 662 1057 712 multa
1086 670 1293 723 contra,
1321 663 1388 712 ad
1419 670 1728 713 extremum
1759 671 1942 713 autem

208 768 405 802 manus
435 751 655 802 dedisse
685 759 738 802 et
769 752 1091 803 adfirmasse
1119 752 1257 802 nihil
1288 769 1346 803 se
1377 760 1571 803 contra
1611 752 1729 803 eius
1758 752 1946 803 volun-

208 849 382 892 tatem
412 858 536 893 esse
564 842 858 894 facturum.
946 842 1056 894 Sed
1087 850 1281 908 postea
1304 850 1488 893 tamen
1521 842 1611 893 ille
1641 860 1751 893 non
1781 843 1946 893 desti-

209 932 278 982 tit
308 933 375 982 de
405 932 565 983 nobis
594 933 896 998 asperrime
926 933 1100 1000 loqui;
1130 933 1274 999 quod
1306 932 1352 983 si
1376 950 1487 983 non
1510 933 1736 994 faceret,
1758 940 1945 983 tamen

212 1022 262 1072 ei
303 1022 440 1072 nihil
483 1023 834 1073 crederemus
878 1030 1043 1089 atque
1086 1022 1286 1083 omnia,
1328 1023 1470 1073 sicut
1511 1022 1765 1083 facimUS,
1797 1039 1947 1088 para-

212 1129 411 1163 remus,
499 1113 662 1163 Nunc
693 1113 770 1162 ita
806 1130 906 1163 nos
948 1113 1192 1180 gerimus
1235 1120 1295 1163 ut
1339 1112 1394 1162 in
1437 1112 1554 1163 dies
1599 1112 1848 1180 singulos
1892 1120 1946 1163 et

213 1202 395 1253 studia
442 1202 497 1252 in
546 1219 648 1252 nos
704 1203 990 1253 hominum
1048 1210 1103 1253 et
1157 1219 1290 1269 opes
1347 1210 1571 1253 nostrae
1620 1210 1943 1270 augeantur.

215 1293 357 1342 Rern
400 1292 676 1358 publicam
720 1293 871 1343 nulla
913 1310 978 1343 ex
1032 1300 1188 1359 parte
1244 1292 1602 1360 attingimus;
1657 1292 1713 1342 in
1768 1292 1947 1343 causis

213 1390 378 1448 atque
408 1383 463 1432 in
495 1382 585 1432 illa
614 1399 780 1449 opera
808 1391 999 1433 nostra
1026 1382 1238 1433 forensi
1281 1400 1496 1433 summa
1537 1382 1808 1433 industria
1834 1399 1948 1432 ver-

216 1489 415 1533 samur,
448 1474 593 1539 quod
637 1474 859 1540 egregie
901 1491 1012 1524 non
1055 1474 1218 1524 modo
1262 1473 1328 1523 iis
1372 1473 1466 1539 qui
1508 1480 1743 1523 utuntur
1784 1489 1948 1538 opera

215 1571 418 1623 nostra,
448 1563 544 1613 sed
575 1563 742 1613 etiam
774 1564 829 1613 in
859 1564 1057 1630 vulgus
1088 1572 1307 1630 gratum
1339 1579 1462 1613 esse
1493 1562 1782 1613 sentimus.
1841 1562 1949 1612 Do-

215 1670 336 1703 mus
379 1653 704 1714 celebratur,
738 1654 1069 1715 occurritur3
1113 1661 1410 1704 renovatur
1451 1653 1715 1703 memoria
1757 1669 1950 1703 consu-

214 1742 375 1803 latus,
407 1743 590 1793 studia
619 1743 1029 1810 significantur;
1074 1744 1128 1793 in
1161 1760 1279 1794 earn
1318 1759 1474 1809 spem
1517 1742 1855 1803 adducimur,
1889 1749 1949 1792 ut

215 1833 374 1883 nobis
405 1849 469 1883 ea
507 1834 793 1884 contentio
824 1851 963 1900 quae
1007 1834 1292 1900 impendet
1337 1833 1614 1884 interdurn
1659 1849 1769 1883 non
1811 1832 1950 1899 fugi-

216 1924 357 1973 enda
384 1923 653 1975 videatur.
739 1924 904 1975 Nunc
934 1924 1069 1974 mihi
1100 1932 1153 1975 et
1185 1923 1430 1975 consiliis
1462 1940 1600 1990 opus
1630 1930 1714 1974 est
1753 1922 1864 1973 tuis
1895 1930 1949 1972 et

215 2029 400 2063 amore
449 2021 502 2063 et
553 2014 684 2076 fide;
740 2031 908 2081 quare
957 2014 1167 2065 advola.
1271 2013 1544 2080 Expedita
1598 2013 1732 2063 mihi
1788 2020 1949 2063 erunt

215 2130 321 2168 took
343 2143 463 2169 some
486 2137 580 2180 part
600 2131 643 2169 in
661 2131 733 2169 the
754 2130 1036 2182 proceedings

215 2185 261 2223 of
296 2186 368 2224 the
398 2187 562 2224 comitia
593 2188 757 2224 curiata
789 2187 910 2225 when
942 2187 1038 2225 Clo-

215 2241 310 2279 dius
332 2254 416 2279 was
438 2241 644 2292 adopted3
667 2242 718 2280 cf.
743 2243 829 2280 Att.
855 2254 889 2280 2.
917 2253 977 2280 12.
1004 2253 1036 2279 1.

214 2297 430 2334 ——fidem
472 2298 728 2347 recepisse,
771 2304 869 2336 etc.:
912 2303 921 2320 ‘
962 2297 1037 2335 oth

216 2351 396 2389 Clodius
437 2351 520 2389 and
562 2353 729 2403 Appius
770 2352 879 2391 have
911 2353 1038 2403 given

216 2407 303 2444 him
338 2408 562 2459 (Pompey)
599 2420 623 2445 a
658 2408 844 2458 promise
881 2415 957 2446 not
993 2414 1038 2446 to

216 2462 360 2500 attack
389 2463 484 2500 me.'
538 2465 706 2512 lr'ecipio
725 2464 767 2501 in
800 2463 884 2502 this
915 2476 1039 2502 sense

215 2518 249 2556 is
271 2518 514 2568 colloquial.
575 2518 668 2557 The
689 2518 768 2556 full
791 2519 1039 2569 expression

215 2574 250 2611 is
276 2575 321 2610 in
354 2587 418 2610 me
445 2575 675 2622 recipio—
693 2575 923 2624 Appium:
957 2575 1041 2624 Ap-

1127 2132 1302 2184 quently
1341 2130 1535 2176 omitted,
1577 2143 1623 2169 as
1663 2130 1777 2176 here,
1811 2130 1852 2168 in
1893 2142 1951 2168 re-

1125 2187 1298 2238 porting
1334 2187 1406 2225 the
1437 2186 1576 2224 words
1611 2185 1657 2223 of
1691 2185 1885 2224 another.

1182 2254 1218 2293 3.
1242 2243 1289 2280 in
1313 2243 1490 2281 causis:
1512 2242 1554 2279 in
1577 2241 1660 2280 this
1677 2254 1776 2293 year
1798 2241 1950 2279 Cicero

1126 2296 1340 2336 delivered
1390 2297 1580 2335 orations
1625 2297 1666 2334 in
1711 2295 1858 2335 behalf
1905 2294 1953 2332 of

1128 2353 1176 2391 C.
1201 2352 1431 2397 Antonius,
1455 2352 1500 2390 of
1532 2354 1582 2390 A.
1616 2351 1843 2397 Thermus,
1865 2349 1950 2388 and

1127 2408 1173 2446 of
1196 2409 1240 2446 L.
1267 2409 1457 2446 Flaccus.
1519 2407 1578 2445 Of
1598 2407 1718 2445 these
1735 2419 1760 2445 a
1779 2406 1951 2457 portion

1128 2463 1175 2501 of
1204 2463 1276 2502 the
1299 2463 1466 2501 oration
1496 2463 1566 2500 for
1589 2463 1768 2500 Flaccus
1797 2461 1833 2499 is
1863 2473 1952 2511 pre-

1127 2518 1364 2557 served—
1386 2518 1675 2557 occurritur:
1726 2529 1823 2555 men
1873 2528 1950 2554 run

1128 2581 1173 2611 to
1205 2580 1316 2612 meet
1348 2586 1415 2611 me
1441 2573 1562 2611 when
1594 2573 1614 2610 I
1646 2584 1803 2623 appear
1826 2583 1951 2622 *upon

215 2628 311 2678 pius
334 2628 540 2667 Claudius
563 2629 755 2674 Pulcher,
773 2630 844 2667 the
867 2629 1042 2667 brother

217 2683 263 2720 of
279 2683 470 2729 Clodius,
483 2683 568 2722 had
582 2684 689 2722 been
704 2685 892 2723 Cicero's
905 2683 1042 2722 friend

218 2739 322 2776 until
350 2739 422 2777 the
449 2740 615 2789 quarrel
638 2740 737 2777 with
770 2739 949 2778 Clodius
978 2752 1043 2777 oc-

217 2793 378 2831 curred.
424 2795 493 2832 He
517 2807 601 2833 was
619 2795 660 2832 in
686 2806 732 2846 52
754 2805 833 2833 ΒΕ.
853 2795 1042 2833 Cicero's

216 2848 496 2898 predecessor
517 2863 562 2888 as
584 2863 798 2900 governor
813 2850 858 2887 of
881 2850 1041 2888 Cilicia.

218 2904 311 2942 The
340 2916 385 2954 13
415 2905 561 2943 letters
593 2905 639 2942 of
672 2905 748 2942 Bk.
773 2917 808 2956 3,
831 2907 891 2943 ad
908 2907 1040 2948 Fam„

218 2971 287 2997 are
332 2959 566 2998 addressed
607 2967 652 2998 to
695 2960 1041 2999 him.—multa

218 3021 380 3052 contra
416 3016 483 3064 (sc.
511 3015 711 3065 dz'xisse):
754 3015 805 3053 ef.
842 3016 942 3052 Intr.
976 3026 1041 3066 95.

219 3069 312 3107 The
345 3069 445 3108 verb
477 3070 522 3107 of
565 3071 716 3122 saying
756 3071 789 3108 is
822 3076 934 3108 most
965 3070 1043 3108 fre-

1129 2629 1201 2667 the
1231 2636 1374 2667 street.

1184 2696 1223 2732 4.
1248 2684 1482 2735 expedita,
1499 2689 1591 2722 etc.:
1617 2682 1768 2721 Cicero
1786 2682 1828 2720 in
1844 2682 1953 2720 later

1129 2752 1249 2791 years
1271 2739 1343 2777 did
1372 2745 1448 2777 not
1478 2737 1675 2777 consider
1705 2737 1778 2776 the
1803 2736 1952 2775 advice

1129 2795 1176 2832 of
1217 2795 1400 2839 Atticus,
1437 2794 1532 2832 who
1569 2805 1687 2831 carne
1724 2799 1769 2830 to
1813 2792 1952 2829 Rome

1130 2856 1174 2887 to
1211 2850 1308 2900 help
1340 2850 1440 2894 him,
1473 2861 1522 2887 so
1562 2848 1776 2899 judicious
1817 2859 1862 2885 as
1898 2846 1951 2884 he
1991 2880 1995 2884 ,

1129 2904 1214 2942 had
1254 2904 1397 2955 hoped
1431 2905 1462 2942 it
1493 2903 1634 2953 would
1674 2903 1743 2949 be;
1785 2901 1837 2941 cf.
1872 2902 1949 2951 Ep.

1131 2960 1227 2997 XV.
1264 2971 1277 2997 1
1309 2960 1491 3010 (written
1522 2959 1565 2996 in
1599 2969 1645 3010 57
1680 2957 1781 3007 ΒΕ.)
1814 2969 1952 3007 cogno-

1130 3029 1223 3053 ram
1248 3043 1255 3052 .
1280 3044 1288 3052 .
1313 3044 1320 3051 .
1343 3021 1378 3053 te
1398 3017 1444 3052 in
1466 3015 1651 3052 consiliis
1671 3013 1780 3051 milzz‘
1798 3013 1952 3050 dandis

1129 3084 1201 3108 nec
1235 3070 1464 3119 fortiorem
1516 3082 1588 3107 nec
1628 3068 1948 3119 prudentiorem
