<?xml version="1.0" encoding="UTF-8"?>
<!DOCTYPE html PUBLIC "-//W3C//DTD XHTML 1.0 Transitional//EN"
    "http://www.w3.org/TR/xhtml1/DTD/xhtml1-transitional.dtd">
<html xmlns="http://www.w3.org/1999/xhtml" xml:lang="en" lang="en">
 <head>
  <title>
</title>
<meta http-equiv="Content-Type" content="text/html;charset=utf-8" />
  <meta name='ocr-system' content='tesseract 3.04.00' />
  <meta name='ocr-capabilities' content='ocr_page ocr_carea ocr_par ocr_line ocrx_word'/>
</head>
<body>
  <div class='ocr_page' id='page_1' title='image "./selectedletterso1898cice_0118.png"; bbox 0 0 2067 3332; ppageno 0'>
   <div class='ocr_carea' id='block_1_1' title="bbox 170 1869 217 1896">
    <p class='ocr_par' dir='ltr' id='par_1_1' title="bbox 170 1869 217 1896">
     <span class='ocr_line' id='line_1_1' title="bbox 170 1869 217 1896; baseline 0 0"><span class='ocrx_word' id='word_1_1' title='bbox 170 1869 217 1896; x_wconf 92' lang='lat'><strong>10</strong></span> 
     </span>
    </p>
   </div>
   <div class='ocr_carea' id='block_1_2' title="bbox 246 171 1985 225">
    <p class='ocr_par' dir='ltr' id='par_1_2' title="bbox 246 171 1985 225">
     <span class='ocr_line' id='line_1_2' title="bbox 246 171 1985 225; baseline 0.001 -13"><span class='ocrx_word' id='word_1_2' title='bbox 246 172 301 212; x_wconf 84' lang='lat'><strong>36</strong></span> <span class='ocrx_word' id='word_1_3' title='bbox 811 171 1086 211; x_wconf 80' lang='lat' dir='ltr'><strong>CICERo‘s</strong></span> <span class='ocrx_word' id='word_1_4' title='bbox 1130 173 1419 212; x_wconf 81' lang='lat' dir='ltr'>LETTERS.</span> <span class='ocrx_word' id='word_1_5' title='bbox 1784 173 1883 225; x_wconf 83' lang='lat' dir='ltr'><strong>[Ep.</strong></span> <span class='ocrx_word' id='word_1_6' title='bbox 1908 175 1985 213; x_wconf 91' lang='lat' dir='ltr'><strong>v1.</strong></span> 
     </span>
    </p>
   </div>
   <div class='ocr_carea' id='block_1_3' title="bbox 247 309 1987 1998">
    <p class='ocr_par' dir='ltr' id='par_1_3' title="bbox 247 309 1987 1998">
     <span class='ocr_line' id='line_1_3' title="bbox 249 309 1983 377; baseline 0.002 -16"><span class='ocrx_word' id='word_1_7' title='bbox 249 311 507 377; x_wconf 90' lang='lat' dir='ltr'><strong>copiosus</strong></span> <span class='ocrx_word' id='word_1_8' title='bbox 536 310 633 361; x_wconf 80' lang='lat' dir='ltr'><strong>fui.</strong></span> <span class='ocrx_word' id='word_1_9' title='bbox 694 311 843 361; x_wconf 90' lang='lat' dir='ltr'><strong>Ecce</strong></span> <span class='ocrx_word' id='word_1_10' title='bbox 872 309 1010 360; x_wconf 92' lang='lat' dir='ltr'><strong>aliae</strong></span> <span class='ocrx_word' id='word_1_11' title='bbox 1040 310 1269 362; x_wconf 79' lang='lat' dir='ltr'>deliciae</span> <span class='ocrx_word' id='word_1_12' title='bbox 1300 310 1550 377; x_wconf 90' lang='lat' dir='ltr'><strong>equitum</strong></span> <span class='ocrx_word' id='word_1_13' title='bbox 1580 310 1670 361; x_wconf 87' lang='lat' dir='ltr'><strong>vix</strong></span> <span class='ocrx_word' id='word_1_14' title='bbox 1696 311 1983 365; x_wconf 82' lang='lat' dir='ltr'><strong>ferendae!</strong></span> 
     </span>
     <span class='ocr_line' id='line_1_4' title="bbox 247 400 1583 468; baseline -0.001 -17"><span class='ocrx_word' id='word_1_15' title='bbox 247 418 383 468; x_wconf 90' lang='lat' dir='ltr'><strong>quas</strong></span> <span class='ocrx_word' id='word_1_16' title='bbox 413 417 516 467; x_wconf 89' lang='lat' dir='ltr'><strong>ego</strong></span> <span class='ocrx_word' id='word_1_17' title='bbox 546 417 658 451; x_wconf 94' lang='lat' dir='ltr'><strong>non</strong></span> <span class='ocrx_word' id='word_1_18' title='bbox 689 400 867 451; x_wconf 92' lang='lat' dir='ltr'><strong>solum</strong></span> <span class='ocrx_word' id='word_1_19' title='bbox 898 400 1016 461; x_wconf 91' lang='lat' dir='ltr'><strong>tuli,</strong></span> <span class='ocrx_word' id='word_1_20' title='bbox 1052 401 1149 451; x_wconf 93' lang='lat' dir='ltr'><strong>sed</strong></span> <span class='ocrx_word' id='word_1_21' title='bbox 1179 401 1345 451; x_wconf 92' lang='lat' dir='ltr'><strong>etiam</strong></span> <span class='ocrx_word' id='word_1_22' title='bbox 1376 400 1583 451; x_wconf 89' lang='lat' dir='ltr'><strong>ornavi.</strong></span> 
     </span>
     <span class='ocr_line' id='line_1_5' title="bbox 247 490 1987 557; baseline 0.001 -16"><span class='ocrx_word' id='word_1_23' title='bbox 247 492 315 541; x_wconf 92' lang='lat' dir='ltr'><strong>de</strong></span> <span class='ocrx_word' id='word_1_24' title='bbox 360 490 684 541; x_wconf 82' lang='lat' dir='ltr'>censoribus</span> <span class='ocrx_word' id='word_1_25' title='bbox 729 491 1124 552; x_wconf 81' lang='lat' dir='ltr'><strong>conduxerant,</strong></span> <span class='ocrx_word' id='word_1_26' title='bbox 1170 490 1355 557; x_wconf 78' lang='lat' dir='ltr'>questi</span> <span class='ocrx_word' id='word_1_27' title='bbox 1404 498 1533 541; x_wconf 87' lang='lat' dir='ltr'><strong>sunt</strong></span> <span class='ocrx_word' id='word_1_28' title='bbox 1580 490 1636 541; x_wconf 93' lang='lat' dir='ltr'><strong>in</strong></span> <span class='ocrx_word' id='word_1_29' title='bbox 1682 499 1880 543; x_wconf 91' lang='lat' dir='ltr'><strong>senatu</strong></span> <span class='ocrx_word' id='word_1_30' title='bbox 1927 509 1987 543; x_wconf 92' lang='lat' dir='ltr'><strong>se</strong></span> 
     </span>
     <span class='ocr_line' id='line_1_6' title="bbox 250 580 1987 647; baseline 0 -15"><span class='ocrx_word' id='word_1_31' title='bbox 250 581 552 647; x_wconf 91' lang='lat' dir='ltr'><strong>cupiditate</strong></span> <span class='ocrx_word' id='word_1_32' title='bbox 582 580 867 646; x_wconf 91' lang='lat' dir='ltr'><strong>prolapsos</strong></span> <span class='ocrx_word' id='word_1_33' title='bbox 908 580 1139 631; x_wconf 93' lang='lat' dir='ltr'><strong>nimium</strong></span> <span class='ocrx_word' id='word_1_34' title='bbox 1170 598 1371 647; x_wconf 89' lang='lat' dir='ltr'><strong>magno</strong></span> <span class='ocrx_word' id='word_1_35' title='bbox 1407 580 1739 632; x_wconf 85' lang='lat' dir='ltr'><strong>conduxisse</strong></span> <span class='ocrx_word' id='word_1_36' title='bbox 1753 598 1764 643; x_wconf 89' lang='lat'>;</span> <span class='ocrx_word' id='word_1_37' title='bbox 1807 590 1867 633; x_wconf 92' lang='lat' dir='ltr'><strong>ut</strong></span> <span class='ocrx_word' id='word_1_38' title='bbox 1911 581 1987 632; x_wconf 91' lang='lat' dir='ltr'><strong>in-</strong></span> 
     </span>
     <span class='ocr_line' id='line_1_7' title="bbox 247 670 1986 737; baseline 0.001 -16"><span class='ocrx_word' id='word_1_39' title='bbox 247 672 542 722; x_wconf 80' lang='lat' dir='ltr'><strong>duceretur</strong></span> <span class='ocrx_word' id='word_1_40' title='bbox 579 670 780 721; x_wconf 93' lang='lat' dir='ltr'><strong>locatio</strong></span> <span class='ocrx_word' id='word_1_41' title='bbox 823 670 1262 737; x_wconf 90' lang='lat' dir='ltr'><strong>postulaverunt.</strong></span> <span class='ocrx_word' id='word_1_42' title='bbox 1350 671 1472 737; x_wconf 88' lang='lat' dir='ltr'><strong>Ego</strong></span> <span class='ocrx_word' id='word_1_43' title='bbox 1515 670 1774 737; x_wconf 89' lang='lat' dir='ltr'><strong>princeps</strong></span> <span class='ocrx_word' id='word_1_44' title='bbox 1814 671 1870 721; x_wconf 95' lang='lat' dir='ltr'><strong>in</strong></span> <span class='ocrx_word' id='word_1_45' title='bbox 1899 673 1986 722; x_wconf 92' lang='lat' dir='ltr'><strong>ad-</strong></span> 
     </span>
     <span class='ocr_line' id='line_1_8' title="bbox 248 760 1985 827; baseline 0.001 -17"><span class='ocrx_word' id='word_1_46' title='bbox 248 760 535 822; x_wconf 83' lang='lat' dir='ltr'><strong>iutoribuS‚</strong></span> <span class='ocrx_word' id='word_1_47' title='bbox 568 769 735 827; x_wconf 91' lang='lat' dir='ltr'><strong>atque</strong></span> <span class='ocrx_word' id='word_1_48' title='bbox 778 761 914 811; x_wconf 90' lang='lat' dir='ltr'><strong>adeo</strong></span> <span class='ocrx_word' id='word_1_49' title='bbox 957 761 1279 822; x_wconf 87' lang='lat' dir='ltr'><strong>secundus;</strong></span> <span class='ocrx_word' id='word_1_50' title='bbox 1323 778 1450 811; x_wconf 94' lang='lat' dir='ltr'><strong>nam</strong></span> <span class='ocrx_word' id='word_1_51' title='bbox 1494 768 1554 811; x_wconf 94' lang='lat' dir='ltr'><strong>ut</strong></span> <span class='ocrx_word' id='word_1_52' title='bbox 1598 760 1676 810; x_wconf 92' lang='lat' dir='ltr'><strong>illi</strong></span> <span class='ocrx_word' id='word_1_53' title='bbox 1717 761 1985 812; x_wconf 81' lang='lat' dir='ltr'><strong>auderent</strong></span> 
     </span>
     <span class='ocr_line' id='line_1_9' title="bbox 248 849 1986 917; baseline 0.001 -17"><span class='ocrx_word' id='word_1_54' title='bbox 248 851 350 902; x_wconf 95' lang='lat' dir='ltr'><strong>hoc</strong></span> <span class='ocrx_word' id='word_1_55' title='bbox 379 850 660 917; x_wconf 90' lang='lat' dir='ltr'><strong>postulare</strong></span> <span class='ocrx_word' id='word_1_56' title='bbox 692 850 927 901; x_wconf 80' lang='lat' dir='ltr'><strong>Crassus</strong></span> <span class='ocrx_word' id='word_1_57' title='bbox 959 867 1052 901; x_wconf 93' lang='lat' dir='ltr'><strong>eos</strong></span> <span class='ocrx_word' id='word_1_58' title='bbox 1096 850 1330 916; x_wconf 84' lang='lat' dir='ltr'><strong>impulit.</strong></span> <span class='ocrx_word' id='word_1_59' title='bbox 1416 849 1698 901; x_wconf 89' lang='lat' dir='ltr'><strong>Invidiosa</strong></span> <span class='ocrx_word' id='word_1_60' title='bbox 1740 867 1842 912; x_wconf 83' lang='lat' dir='ltr'><strong>reS,</strong></span> <span class='ocrx_word' id='word_1_61' title='bbox 1876 858 1986 902; x_wconf 88' lang='lat' dir='ltr'><strong>tur-</strong></span> 
     </span>
     <span class='ocr_line' id='line_1_10' title="bbox 247 939 1985 1007; baseline 0.001 -16"><span class='ocrx_word' id='word_1_62' title='bbox 247 941 330 1007; x_wconf 92' lang='lat' dir='ltr'><strong>pis</strong></span> <span class='ocrx_word' id='word_1_63' title='bbox 359 940 661 1007; x_wconf 90' lang='lat' dir='ltr'><strong>postulatio</strong></span> <span class='ocrx_word' id='word_1_64' title='bbox 691 948 746 990; x_wconf 93' lang='lat' dir='ltr'><strong>et</strong></span> <span class='ocrx_word' id='word_1_65' title='bbox 778 940 1058 991; x_wconf 81' lang='lat' dir='ltr'><strong>confessio</strong></span> <span class='ocrx_word' id='word_1_66' title='bbox 1099 940 1446 992; x_wconf 81' lang='lat' dir='ltr'><strong>temeritatis,</strong></span> <span class='ocrx_word' id='word_1_67' title='bbox 1534 939 1825 991; x_wconf 86' lang='lat' dir='ltr'><strong>Summum</strong></span> <span class='ocrx_word' id='word_1_68' title='bbox 1869 948 1985 992; x_wconf 88' lang='lat' dir='ltr'><strong>erat</strong></span> 
     </span>
     <span class='ocr_line' id='line_1_11' title="bbox 247 1029 1986 1097; baseline 0 -16"><span class='ocrx_word' id='word_1_69' title='bbox 247 1030 554 1097; x_wconf 88' lang='lat' dir='ltr'><strong>periculum</strong></span> <span class='ocrx_word' id='word_1_70' title='bbox 585 1047 670 1090; x_wconf 94' lang='lat' dir='ltr'><strong>ne,</strong></span> <span class='ocrx_word' id='word_1_71' title='bbox 705 1030 751 1080; x_wconf 91' lang='lat' dir='ltr'><strong>si</strong></span> <span class='ocrx_word' id='word_1_72' title='bbox 780 1030 917 1080; x_wconf 89' lang='lat' dir='ltr'>nihil</span> <span class='ocrx_word' id='word_1_73' title='bbox 961 1030 1373 1096; x_wconf 78' lang='lat' dir='ltr'><strong>impetrassent,</strong></span> <span class='ocrx_word' id='word_1_74' title='bbox 1406 1029 1569 1096; x_wconf 93' lang='lat' dir='ltr'><strong>plane</strong></span> <span class='ocrx_word' id='word_1_75' title='bbox 1611 1030 1986 1082; x_wconf 89' lang='lat' dir='ltr'><strong>alienarentur</strong></span> 
     </span>
     <span class='ocr_line' id='line_1_12' title="bbox 247 1120 1986 1187; baseline 0 -16"><span class='ocrx_word' id='word_1_76' title='bbox 247 1138 278 1171; x_wconf 93' lang='lat' dir='ltr'><strong>a</strong></span> <span class='ocrx_word' id='word_1_77' title='bbox 313 1128 524 1172; x_wconf 88' lang='lat' dir='ltr'><strong>senatu.</strong></span> <span class='ocrx_word' id='word_1_78' title='bbox 613 1120 763 1171; x_wconf 92' lang='lat' dir='ltr'><strong>Huic</strong></span> <span class='ocrx_word' id='word_1_79' title='bbox 799 1137 1019 1187; x_wconf 88' lang='lat' dir='ltr'><strong>quoque</strong></span> <span class='ocrx_word' id='word_1_80' title='bbox 1050 1120 1128 1171; x_wconf 95' lang='lat' dir='ltr'><strong>rei</strong></span> <span class='ocrx_word' id='word_1_81' title='bbox 1171 1121 1507 1171; x_wconf 87' lang='lat' dir='ltr'><strong>subventum</strong></span> <span class='ocrx_word' id='word_1_82' title='bbox 1551 1128 1636 1171; x_wconf 94' lang='lat' dir='ltr'><strong>est</strong></span> <span class='ocrx_word' id='word_1_83' title='bbox 1678 1120 1914 1171; x_wconf 87' lang='lat' dir='ltr'><strong>maxime</strong></span> <span class='ocrx_word' id='word_1_84' title='bbox 1955 1138 1986 1172; x_wconf 95' lang='lat' dir='ltr'><strong>a</strong></span> 
     </span>
     <span class='ocr_line' id='line_1_13' title="bbox 248 1210 1984 1277; baseline 0.001 -17"><span class='ocrx_word' id='word_1_85' title='bbox 248 1211 424 1272; x_wconf 85' lang='lat' dir='ltr'><strong>nobiS,</strong></span> <span class='ocrx_word' id='word_1_86' title='bbox 451 1210 874 1276; x_wconf 80' lang='lat' dir='ltr'><strong>perfectumque</strong></span> <span class='ocrx_word' id='word_1_87' title='bbox 906 1218 964 1260; x_wconf 92' lang='lat' dir='ltr'><strong>ut</strong></span> <span class='ocrx_word' id='word_1_88' title='bbox 994 1210 1450 1277; x_wconf 79' lang='lat' dir='ltr'><strong>frequentissimo</strong></span> <span class='ocrx_word' id='word_1_89' title='bbox 1481 1218 1679 1261; x_wconf 92' lang='lat' dir='ltr'><strong>senatu</strong></span> <span class='ocrx_word' id='word_1_90' title='bbox 1710 1218 1764 1261; x_wconf 95' lang='lat' dir='ltr'><strong>et</strong></span> <span class='ocrx_word' id='word_1_91' title='bbox 1794 1210 1984 1262; x_wconf 90' lang='lat' dir='ltr'><strong>libera-</strong></span> 
     </span>
     <span class='ocr_line' id='line_1_14' title="bbox 248 1300 1985 1367; baseline 0.001 -17"><span class='ocrx_word' id='word_1_92' title='bbox 248 1301 457 1351; x_wconf 91' lang='lat' dir='ltr'><strong>lissimo</strong></span> <span class='ocrx_word' id='word_1_93' title='bbox 487 1308 795 1361; x_wconf 91' lang='lat' dir='ltr'><strong>uterentur,</strong></span> <span class='ocrx_word' id='word_1_94' title='bbox 828 1300 1113 1367; x_wconf 89' lang='lat' dir='ltr'><strong>multaque</strong></span> <span class='ocrx_word' id='word_1_95' title='bbox 1143 1318 1174 1351; x_wconf 93' lang='lat' dir='ltr'><strong>a</strong></span> <span class='ocrx_word' id='word_1_96' title='bbox 1203 1317 1289 1351; x_wconf 93' lang='lat' dir='ltr'><strong>me</strong></span> <span class='ocrx_word' id='word_1_97' title='bbox 1319 1302 1386 1351; x_wconf 95' lang='lat' dir='ltr'><strong>de</strong></span> <span class='ocrx_word' id='word_1_98' title='bbox 1425 1300 1681 1351; x_wconf 89' lang='lat' dir='ltr'><strong>ordinum</strong></span> <span class='ocrx_word' id='word_1_99' title='bbox 1712 1300 1985 1367; x_wconf 83' lang='lat' dir='ltr'><strong>dignitate</strong></span> 
     </span>
     <span class='ocr_line' id='line_1_15' title="bbox 249 1390 1980 1457; baseline 0.001 -16"><span class='ocrx_word' id='word_1_100' title='bbox 249 1399 303 1441; x_wconf 93' lang='lat' dir='ltr'><strong>et</strong></span> <span class='ocrx_word' id='word_1_101' title='bbox 353 1391 647 1442; x_wconf 92' lang='lat' dir='ltr'><strong>concordia</strong></span> <span class='ocrx_word' id='word_1_102' title='bbox 688 1390 837 1441; x_wconf 90' lang='lat' dir='ltr'><strong>dicta</strong></span> <span class='ocrx_word' id='word_1_103' title='bbox 886 1398 1016 1440; x_wconf 92' lang='lat' dir='ltr'><strong>sunt</strong></span> <span class='ocrx_word' id='word_1_104' title='bbox 1074 1391 1197 1442; x_wconf 90' lang='lat' dir='ltr'><strong>Kal.</strong></span> <span class='ocrx_word' id='word_1_105' title='bbox 1250 1391 1543 1442; x_wconf 92' lang='lat' dir='ltr'><strong>Decembr.</strong></span> <span class='ocrx_word' id='word_1_106' title='bbox 1598 1397 1652 1441; x_wconf 91' lang='lat' dir='ltr'><strong>et</strong></span> <span class='ocrx_word' id='word_1_107' title='bbox 1698 1390 1980 1457; x_wconf 89' lang='lat' dir='ltr'><strong>postridie.</strong></span> 
     </span>
     <span class='ocr_line' id='line_1_16' title="bbox 251 1480 1983 1548; baseline 0.001 -17"><span class='ocrx_word' id='word_1_108' title='bbox 251 1482 448 1548; x_wconf 88' lang='lat' dir='ltr'><strong>Neque</strong></span> <span class='ocrx_word' id='word_1_109' title='bbox 498 1481 677 1532; x_wconf 95' lang='lat' dir='ltr'><strong>adhuc</strong></span> <span class='ocrx_word' id='word_1_110' title='bbox 725 1498 812 1531; x_wconf 90' lang='lat' dir='ltr'><strong>res</strong></span> <span class='ocrx_word' id='word_1_111' title='bbox 863 1480 1119 1532; x_wconf 82' lang='lat' dir='ltr'><strong>confecta</strong></span> <span class='ocrx_word' id='word_1_112' title='bbox 1169 1488 1269 1541; x_wconf 91' lang='lat' dir='ltr'><strong>est,</strong></span> <span class='ocrx_word' id='word_1_113' title='bbox 1315 1481 1411 1531; x_wconf 93' lang='lat' dir='ltr'><strong>sed</strong></span> <span class='ocrx_word' id='word_1_114' title='bbox 1452 1480 1709 1531; x_wconf 90' lang='lat' dir='ltr'><strong>voluntas</strong></span> <span class='ocrx_word' id='word_1_115' title='bbox 1755 1488 1983 1532; x_wconf 92' lang='lat' dir='ltr'><strong>senatus</strong></span> 
     </span>
     <span class='ocr_line' id='line_1_17' title="bbox 248 1570 1984 1638; baseline -0.001 -16"><span class='ocrx_word' id='word_1_116' title='bbox 248 1578 553 1638; x_wconf 89' lang='lat' dir='ltr'><strong>perspecta.</strong></span> <span class='ocrx_word' id='word_1_117' title='bbox 637 1571 798 1621; x_wconf 91' lang='lat' dir='ltr'><strong>Vnus</strong></span> <span class='ocrx_word' id='word_1_118' title='bbox 830 1570 977 1621; x_wconf 91' lang='lat' dir='ltr'><strong>enim</strong></span> <span class='ocrx_word' id='word_1_119' title='bbox 1009 1578 1203 1622; x_wconf 91' lang='lat' dir='ltr'><strong>contra</strong></span> <span class='ocrx_word' id='word_1_120' title='bbox 1232 1571 1444 1622; x_wconf 86' lang='lat' dir='ltr'><strong>dixerat</strong></span> <span class='ocrx_word' id='word_1_121' title='bbox 1486 1570 1748 1621; x_wconf 91' lang='lat' dir='ltr'><strong>Metellus</strong></span> <span class='ocrx_word' id='word_1_122' title='bbox 1791 1570 1984 1622; x_wconf 92' lang='lat' dir='ltr'><strong>consul</strong></span> 
     </span>
     <span class='ocr_line' id='line_1_18' title="bbox 248 1661 1985 1727; baseline 0 -16"><span class='ocrx_word' id='word_1_123' title='bbox 248 1661 588 1727; x_wconf 82' lang='lat' dir='ltr'><strong>designatuS‚</strong></span> <span class='ocrx_word' id='word_1_124' title='bbox 641 1677 896 1727; x_wconf 88' lang='lat' dir='ltr'><strong>unusque</strong></span> <span class='ocrx_word' id='word_1_125' title='bbox 945 1668 1062 1711; x_wconf 91' lang='lat' dir='ltr'><strong>erat</strong></span> <span class='ocrx_word' id='word_1_126' title='bbox 1112 1661 1378 1722; x_wconf 89' lang='lat' dir='ltr'><strong>dicturus,</strong></span> <span class='ocrx_word' id='word_1_127' title='bbox 1424 1661 1490 1711; x_wconf 94' lang='lat' dir='ltr'><strong>ad</strong></span> <span class='ocrx_word' id='word_1_128' title='bbox 1539 1677 1703 1727; x_wconf 90' lang='lat' dir='ltr'><strong>quem</strong></span> <span class='ocrx_word' id='word_1_129' title='bbox 1758 1668 1985 1727; x_wconf 87' lang='lat' dir='ltr'><strong>propter</strong></span> 
     </span>
     <span class='ocr_line' id='line_1_19' title="bbox 248 1749 1985 1817; baseline -0.001 -15"><span class='ocrx_word' id='word_1_130' title='bbox 248 1751 358 1802; x_wconf 91' lang='lat' dir='ltr'><strong>diei</strong></span> <span class='ocrx_word' id='word_1_131' title='bbox 400 1750 730 1802; x_wconf 90' lang='lat' dir='ltr'><strong>brevitatem</strong></span> <span class='ocrx_word' id='word_1_132' title='bbox 780 1758 1110 1817; x_wconf 89' lang='lat' dir='ltr'><strong>perventum</strong></span> <span class='ocrx_word' id='word_1_133' title='bbox 1154 1768 1264 1802; x_wconf 93' lang='lat' dir='ltr'><strong>non</strong></span> <span class='ocrx_word' id='word_1_134' title='bbox 1309 1758 1409 1811; x_wconf 91' lang='lat' dir='ltr'><strong>est,</strong></span> <span class='ocrx_word' id='word_1_135' title='bbox 1455 1751 1620 1801; x_wconf 92' lang='lat' dir='ltr'><strong>heros</strong></span> <span class='ocrx_word' id='word_1_136' title='bbox 1662 1749 1752 1801; x_wconf 93' lang='lat' dir='ltr'><strong>ille</strong></span> <span class='ocrx_word' id='word_1_137' title='bbox 1794 1758 1985 1801; x_wconf 89' lang='lat' dir='ltr'><strong>noster</strong></span> 
     </span>
     <span class='ocr_line' id='line_1_20' title="bbox 251 1840 1982 1908; baseline -0.001 -16"><span class='ocrx_word' id='word_1_138' title='bbox 251 1841 405 1892; x_wconf 82' lang='lat' dir='ltr'><strong>Cato,</strong></span> <span class='ocrx_word' id='word_1_139' title='bbox 491 1840 583 1892; x_wconf 87' lang='lat' dir='ltr'><strong>Sic</strong></span> <span class='ocrx_word' id='word_1_140' title='bbox 616 1857 719 1908; x_wconf 90' lang='lat' dir='ltr'><strong>ego</strong></span> <span class='ocrx_word' id='word_1_141' title='bbox 763 1858 1099 1892; x_wconf 91' lang='lat' dir='ltr'><strong>conservans</strong></span> <span class='ocrx_word' id='word_1_142' title='bbox 1146 1841 1417 1892; x_wconf 92' lang='lat' dir='ltr'><strong>rationem</strong></span> <span class='ocrx_word' id='word_1_143' title='bbox 1462 1840 1982 1908; x_wconf 90' lang='lat' dir='ltr'><strong>institutionemque</strong></span> 
     </span>
     <span class='ocr_line' id='line_1_21' title="bbox 249 1930 1981 1998; baseline -0.001 -16"><span class='ocrx_word' id='word_1_144' title='bbox 249 1939 495 1982; x_wconf 92' lang='lat' dir='ltr'><strong>nostram</strong></span> <span class='ocrx_word' id='word_1_145' title='bbox 537 1939 712 1992; x_wconf 88' lang='lat' dir='ltr'><strong>tueor,</strong></span> <span class='ocrx_word' id='word_1_146' title='bbox 759 1939 818 1982; x_wconf 90' lang='lat' dir='ltr'><strong>ut</strong></span> <span class='ocrx_word' id='word_1_147' title='bbox 863 1949 1107 1998; x_wconf 92' lang='lat' dir='ltr'><strong>possum,</strong></span> <span class='ocrx_word' id='word_1_148' title='bbox 1152 1931 1298 1982; x_wconf 92' lang='lat' dir='ltr'><strong>illam</strong></span> <span class='ocrx_word' id='word_1_149' title='bbox 1341 1948 1373 1982; x_wconf 91' lang='lat' dir='ltr'><strong>a</strong></span> <span class='ocrx_word' id='word_1_150' title='bbox 1413 1947 1501 1982; x_wconf 90' lang='lat' dir='ltr'><strong>me</strong></span> <span class='ocrx_word' id='word_1_151' title='bbox 1543 1930 1981 1998; x_wconf 83' lang='lat' dir='ltr'><strong>conglutinatam</strong></span> 
     </span>
    </p>
   </div>
   <div class='ocr_carea' id='block_1_4' title="bbox 1665 400 1987 469">
    <p class='ocr_par' dir='ltr' id='par_1_4' title="bbox 1665 400 1987 469">
     <span class='ocr_line' id='line_1_22' title="bbox 1665 400 1987 469; baseline 0.006 -18"><span class='ocrx_word' id='word_1_152' title='bbox 1665 400 1862 452; x_wconf 88' lang='lat' dir='ltr'><strong>Asiam</strong></span> <span class='ocrx_word' id='word_1_153' title='bbox 1893 403 1987 469; x_wconf 89' lang='lat' dir='ltr'><strong>qui</strong></span> 
     </span>
    </p>
   </div>
   <div class='ocr_carea' id='block_1_5' title="bbox 249 2048 1075 2154">
    <p class='ocr_par' dir='ltr' id='par_1_5' title="bbox 249 2048 1075 2154">
     <span class='ocr_line' id='line_1_23' title="bbox 302 2048 1075 2100; baseline -0.001 -13"><span class='ocrx_word' id='word_1_154' title='bbox 302 2060 342 2099; x_wconf 90' lang='lat'><strong>9.</strong></span> <span class='ocrx_word' id='word_1_155' title='bbox 375 2060 486 2087; x_wconf 89' lang='lat' dir='ltr'><strong>ecce</strong></span> <span class='ocrx_word' id='word_1_156' title='bbox 508 2048 628 2087; x_wconf 88' lang='lat' dir='ltr'><strong>aliae</strong></span> <span class='ocrx_word' id='word_1_157' title='bbox 647 2048 770 2087; x_wconf 90' lang='lat' dir='ltr'><strong>takes</strong></span> <span class='ocrx_word' id='word_1_158' title='bbox 793 2048 865 2087; x_wconf 87' lang='lat' dir='ltr'><strong>the</strong></span> <span class='ocrx_word' id='word_1_159' title='bbox 886 2049 1006 2100; x_wconf 88' lang='lat' dir='ltr'><strong>place</strong></span> <span class='ocrx_word' id='word_1_160' title='bbox 1028 2048 1075 2086; x_wconf 86' lang='lat' dir='ltr'><strong>of</strong></span> 
     </span>
     <span class='ocr_line' id='line_1_24' title="bbox 249 2104 1071 2154; baseline 0 -12"><span class='ocrx_word' id='word_1_161' title='bbox 249 2117 274 2142; x_wconf 91' lang='lat' dir='ltr'><strong>a</strong></span> <span class='ocrx_word' id='word_1_162' title='bbox 289 2104 539 2143; x_wconf 86' lang='lat' dir='ltr'><strong>correlative</strong></span> <span class='ocrx_word' id='word_1_163' title='bbox 557 2111 601 2142; x_wconf 90' lang='lat' dir='ltr'><strong>to</strong></span> <span class='ocrx_word' id='word_1_164' title='bbox 614 2105 825 2154; x_wconf 72' lang='lat' dir='ltr'><strong>primum,</strong></span> <span class='ocrx_word' id='word_1_165' title='bbox 843 2104 938 2142; x_wconf 82' lang='lat'><strong>8.—</strong></span> <span class='ocrx_word' id='word_1_166' title='bbox 951 2104 1071 2142; x_wconf 87' lang='lat' dir='ltr'><strong>aliae</strong></span> 
     </span>
    </p>
   </div>
   <div class='ocr_carea' id='block_1_6' title="bbox 1158 2047 1984 2156">
    <p class='ocr_par' dir='ltr' id='par_1_6' title="bbox 1158 2047 1984 2156">
     <span class='ocr_line' id='line_1_25' title="bbox 1158 2047 1984 2100; baseline -0.004 -12"><span class='ocrx_word' id='word_1_167' title='bbox 1158 2062 1232 2088; x_wconf 90' lang='lat' dir='ltr'><strong>sus</strong></span> <span class='ocrx_word' id='word_1_168' title='bbox 1249 2060 1334 2087; x_wconf 89' lang='lat' dir='ltr'><strong>was</strong></span> <span class='ocrx_word' id='word_1_169' title='bbox 1350 2047 1560 2100; x_wconf 90' lang='lat' dir='ltr'><strong>probably</strong></span> <span class='ocrx_word' id='word_1_170' title='bbox 1572 2047 1739 2099; x_wconf 88' lang='lat' dir='ltr'><strong>heavily</strong></span> <span class='ocrx_word' id='word_1_171' title='bbox 1750 2047 1984 2086; x_wconf 89' lang='lat' dir='ltr'><strong>interested</strong></span> 
     </span>
     <span class='ocr_line' id='line_1_26' title="bbox 1158 2103 1981 2156; baseline -0.001 -14"><span class='ocrx_word' id='word_1_172' title='bbox 1158 2104 1201 2142; x_wconf 91' lang='lat' dir='ltr'><strong>in</strong></span> <span class='ocrx_word' id='word_1_173' title='bbox 1225 2117 1250 2142; x_wconf 91' lang='lat' dir='ltr'><strong>a</strong></span> <span class='ocrx_word' id='word_1_174' title='bbox 1279 2104 1509 2156; x_wconf 87' lang='lat' dir='ltr'><strong>pecuniary</strong></span> <span class='ocrx_word' id='word_1_175' title='bbox 1529 2116 1619 2155; x_wconf 90' lang='lat' dir='ltr'><strong>way</strong></span> <span class='ocrx_word' id='word_1_176' title='bbox 1639 2103 1681 2141; x_wconf 92' lang='lat' dir='ltr'><strong>in</strong></span> <span class='ocrx_word' id='word_1_177' title='bbox 1712 2103 1785 2141; x_wconf 91' lang='lat' dir='ltr'><strong>the</strong></span> <span class='ocrx_word' id='word_1_178' title='bbox 1815 2109 1981 2141; x_wconf 88' lang='lat' dir='ltr'><strong>matter.</strong></span> 
     </span>
    </p>
   </div>
   <div class='ocr_carea' id='block_1_7' title="bbox 248 2160 1074 3150">
    <p class='ocr_par' dir='ltr' id='par_1_7' title="bbox 248 2160 1074 3150">
     <span class='ocr_line' id='line_1_27' title="bbox 250 2160 1071 2210; baseline -0.002 -12"><span class='ocrx_word' id='word_1_179' title='bbox 250 2160 463 2206; x_wconf 88' lang='lat' dir='ltr'><strong>deliciae,</strong></span> <span class='ocrx_word' id='word_1_180' title='bbox 475 2161 653 2198; x_wconf 74' lang='lat' dir='ltr'><strong>another</strong></span> <span class='ocrx_word' id='word_1_181' title='bbox 663 2160 893 2210; x_wconf 74' lang='lat' dir='ltr'><strong>cbarming</strong></span> <span class='ocrx_word' id='word_1_182' title='bbox 902 2160 1071 2198; x_wconf 73' lang='lat' dir='ltr'><strong>scheme.</strong></span> 
     </span>
     <span class='ocr_line' id='line_1_28' title="bbox 249 2214 1074 2266; baseline -0.001 -13"><span class='ocrx_word' id='word_1_183' title='bbox 249 2216 501 2254; x_wconf 80' lang='lat' dir='ltr'><strong>—Asiam:</strong></span> <span class='ocrx_word' id='word_1_184' title='bbox 526 2215 598 2254; x_wconf 92' lang='lat' dir='ltr'><strong>the</strong></span> <span class='ocrx_word' id='word_1_185' title='bbox 614 2214 818 2266; x_wconf 87' lang='lat' dir='ltr'><strong>privilege</strong></span> <span class='ocrx_word' id='word_1_186' title='bbox 840 2214 886 2253; x_wconf 83' lang='lat' dir='ltr'><strong>of</strong></span> <span class='ocrx_word' id='word_1_187' title='bbox 907 2215 1074 2253; x_wconf 90' lang='lat' dir='ltr'><strong>collect-</strong></span> 
     </span>
     <span class='ocr_line' id='line_1_29' title="bbox 248 2270 1074 2321; baseline -0.001 -13"><span class='ocrx_word' id='word_1_188' title='bbox 248 2271 321 2321; x_wconf 87' lang='lat' dir='ltr'><strong>ing</strong></span> <span class='ocrx_word' id='word_1_189' title='bbox 344 2270 417 2309; x_wconf 91' lang='lat' dir='ltr'><strong>the</strong></span> <span class='ocrx_word' id='word_1_190' title='bbox 439 2277 559 2309; x_wconf 83' lang='lat' dir='ltr'><strong>taxes</strong></span> <span class='ocrx_word' id='word_1_191' title='bbox 580 2271 622 2308; x_wconf 94' lang='lat' dir='ltr'><strong>in</strong></span> <span class='ocrx_word' id='word_1_192' title='bbox 647 2270 720 2308; x_wconf 91' lang='lat' dir='ltr'><strong>the</strong></span> <span class='ocrx_word' id='word_1_193' title='bbox 750 2270 976 2321; x_wconf 91' lang='lat' dir='ltr'><strong>provinces</strong></span> <span class='ocrx_word' id='word_1_194' title='bbox 1005 2270 1074 2308; x_wconf 84' lang='lat' dir='ltr'><strong>for</strong></span> 
     </span>
     <span class='ocr_line' id='line_1_30' title="bbox 249 2324 1074 2378; baseline -0.001 -14"><span class='ocrx_word' id='word_1_195' title='bbox 249 2339 274 2364; x_wconf 87' lang='lat' dir='ltr'><strong>a</strong></span> <span class='ocrx_word' id='word_1_196' title='bbox 289 2325 439 2376; x_wconf 88' lang='lat' dir='ltr'><strong>period</strong></span> <span class='ocrx_word' id='word_1_197' title='bbox 461 2326 507 2363; x_wconf 87' lang='lat' dir='ltr'><strong>of</strong></span> <span class='ocrx_word' id='word_1_198' title='bbox 527 2326 609 2364; x_wconf 90' lang='lat' dir='ltr'><strong>five</strong></span> <span class='ocrx_word' id='word_1_199' title='bbox 630 2338 752 2378; x_wconf 88' lang='lat' dir='ltr'><strong>years</strong></span> <span class='ocrx_word' id='word_1_200' title='bbox 769 2338 854 2364; x_wconf 88' lang='lat' dir='ltr'><strong>was</strong></span> <span class='ocrx_word' id='word_1_201' title='bbox 872 2324 1074 2376; x_wconf 87' lang='lat' dir='ltr'><strong>assigned</strong></span> 
     </span>
     <span class='ocr_line' id='line_1_31' title="bbox 249 2380 1072 2432; baseline 0 -13"><span class='ocrx_word' id='word_1_202' title='bbox 249 2387 294 2419; x_wconf 91' lang='lat' dir='ltr'><strong>to</strong></span> <span class='ocrx_word' id='word_1_203' title='bbox 318 2381 391 2420; x_wconf 89' lang='lat' dir='ltr'><strong>the</strong></span> <span class='ocrx_word' id='word_1_204' title='bbox 412 2381 583 2431; x_wconf 88' lang='lat' dir='ltr'><strong>highest</strong></span> <span class='ocrx_word' id='word_1_205' title='bbox 604 2380 778 2419; x_wconf 90' lang='lat' dir='ltr'><strong>bidders</strong></span> <span class='ocrx_word' id='word_1_206' title='bbox 809 2380 864 2432; x_wconf 92' lang='lat' dir='ltr'><strong>by</strong></span> <span class='ocrx_word' id='word_1_207' title='bbox 886 2381 958 2419; x_wconf 91' lang='lat' dir='ltr'><strong>the</strong></span> <span class='ocrx_word' id='word_1_208' title='bbox 981 2393 1072 2419; x_wconf 92' lang='lat' dir='ltr'><strong>cen-</strong></span> 
     </span>
     <span class='ocr_line' id='line_1_32' title="bbox 249 2435 1073 2488; baseline -0.001 -14"><span class='ocrx_word' id='word_1_209' title='bbox 249 2449 344 2475; x_wconf 89' lang='lat' dir='ltr'><strong>sors</strong></span> <span class='ocrx_word' id='word_1_210' title='bbox 388 2436 457 2488; x_wconf 83' lang='lat' dir='ltr'><strong>(cf.</strong></span> <span class='ocrx_word' id='word_1_211' title='bbox 502 2435 792 2487; x_wconf 88' lang='lat' dir='ltr'><strong>Marquardt’s</strong></span> <span class='ocrx_word' id='word_1_212' title='bbox 843 2437 1073 2474; x_wconf 80' lang='lat' dir='ltr'><strong>Staatsver-</strong></span> 
     </span>
     <span class='ocr_line' id='line_1_33' title="bbox 249 2491 1072 2542; baseline -0.001 -13"><span class='ocrx_word' id='word_1_213' title='bbox 249 2493 441 2542; x_wconf 74' lang='lat' dir='ltr'><strong>waltung</strong></span> <span class='ocrx_word' id='word_1_214' title='bbox 467 2491 547 2529; x_wconf 87' lang='lat'>11.2</span> <span class='ocrx_word' id='word_1_215' title='bbox 570 2491 646 2539; x_wconf 82' lang='lat'><strong>248</strong></span> <span class='ocrx_word' id='word_1_216' title='bbox 668 2491 747 2542; x_wconf 74' lang='lat' dir='ltr'><strong>ff).</strong></span> <span class='ocrx_word' id='word_1_217' title='bbox 808 2491 955 2530; x_wconf 93' lang='lat' dir='ltr'><strong>Those</strong></span> <span class='ocrx_word' id='word_1_218' title='bbox 977 2491 1072 2529; x_wconf 90' lang='lat' dir='ltr'><strong>who</strong></span> 
     </span>
     <span class='ocr_line' id='line_1_34' title="bbox 249 2546 1072 2585; baseline -0.001 0"><span class='ocrx_word' id='word_1_219' title='bbox 249 2546 335 2585; x_wconf 89' lang='lat' dir='ltr'><strong>had</strong></span> <span class='ocrx_word' id='word_1_220' title='bbox 375 2547 623 2585; x_wconf 88' lang='lat' dir='ltr'><strong>contracted</strong></span> <span class='ocrx_word' id='word_1_221' title='bbox 661 2547 732 2585; x_wconf 86' lang='lat' dir='ltr'><strong>for</strong></span> <span class='ocrx_word' id='word_1_222' title='bbox 767 2546 839 2585; x_wconf 91' lang='lat' dir='ltr'><strong>the</strong></span> <span class='ocrx_word' id='word_1_223' title='bbox 875 2553 995 2585; x_wconf 85' lang='lat' dir='ltr'><strong>taxes</strong></span> <span class='ocrx_word' id='word_1_224' title='bbox 1029 2546 1072 2584; x_wconf 93' lang='lat' dir='ltr'><strong>in</strong></span> 
     </span>
     <span class='ocr_line' id='line_1_35' title="bbox 250 2601 1073 2654; baseline -0.001 -14"><span class='ocrx_word' id='word_1_225' title='bbox 250 2602 366 2648; x_wconf 91' lang='lat' dir='ltr'><strong>Asia,</strong></span> <span class='ocrx_word' id='word_1_226' title='bbox 385 2602 548 2653; x_wconf 87' lang='lat' dir='ltr'><strong>finding</strong></span> <span class='ocrx_word' id='word_1_227' title='bbox 565 2602 657 2640; x_wconf 90' lang='lat' dir='ltr'><strong>that</strong></span> <span class='ocrx_word' id='word_1_228' title='bbox 680 2602 780 2654; x_wconf 88' lang='lat' dir='ltr'><strong>they</strong></span> <span class='ocrx_word' id='word_1_229' title='bbox 801 2601 887 2640; x_wconf 86' lang='lat' dir='ltr'><strong>had</strong></span> <span class='ocrx_word' id='word_1_230' title='bbox 908 2601 1073 2640; x_wconf 84' lang='lat' dir='ltr'><strong>offered</strong></span> 
     </span>
     <span class='ocr_line' id='line_1_36' title="bbox 249 2657 1073 2704; baseline -0.001 -9"><span class='ocrx_word' id='word_1_231' title='bbox 249 2664 325 2695; x_wconf 90' lang='lat' dir='ltr'><strong>too</strong></span> <span class='ocrx_word' id='word_1_232' title='bbox 367 2658 507 2704; x_wconf 89' lang='lat' dir='ltr'><strong>much,</strong></span> <span class='ocrx_word' id='word_1_233' title='bbox 544 2657 786 2696; x_wconf 89' lang='lat' dir='ltr'><strong>demanded</strong></span> <span class='ocrx_word' id='word_1_234' title='bbox 829 2657 922 2696; x_wconf 89' lang='lat' dir='ltr'><strong>that</strong></span> <span class='ocrx_word' id='word_1_235' title='bbox 963 2657 1073 2695; x_wconf 90' lang='lat' dir='ltr'><strong>their</strong></span> 
     </span>
     <span class='ocr_line' id='line_1_37' title="bbox 249 2712 1071 2763; baseline -0.001 -12"><span class='ocrx_word' id='word_1_236' title='bbox 249 2719 465 2751; x_wconf 89' lang='lat' dir='ltr'><strong>contracts</strong></span> <span class='ocrx_word' id='word_1_237' title='bbox 495 2713 653 2751; x_wconf 82' lang='lat' dir='ltr'><strong>should</strong></span> <span class='ocrx_word' id='word_1_238' title='bbox 678 2712 730 2751; x_wconf 92' lang='lat' dir='ltr'><strong>be</strong></span> <span class='ocrx_word' id='word_1_239' title='bbox 762 2712 978 2751; x_wconf 88' lang='lat' dir='ltr'><strong>cancelled</strong></span> <span class='ocrx_word' id='word_1_240' title='bbox 1004 2713 1071 2763; x_wconf 91' lang='lat' dir='ltr'><strong>(ut</strong></span> 
     </span>
     <span class='ocr_line' id='line_1_38' title="bbox 250 2768 1070 2818; baseline 0.001 -13"><span class='ocrx_word' id='word_1_241' title='bbox 250 2768 552 2807; x_wconf 88' lang='lat' dir='ltr'><strong>induceretur</strong></span> <span class='ocrx_word' id='word_1_242' title='bbox 613 2768 818 2818; x_wconf 88' lang='lat' dir='ltr'><strong>locatio).</strong></span> <span class='ocrx_word' id='word_1_243' title='bbox 847 2791 900 2794; x_wconf 97' lang='lat'><strong>—</strong></span> <span class='ocrx_word' id='word_1_244' title='bbox 928 2774 1070 2818; x_wconf 88' lang='lat' dir='ltr'><strong>atque</strong></span> 
     </span>
     <span class='ocr_line' id='line_1_39' title="bbox 249 2823 1069 2870; baseline -0.001 -9"><span class='ocrx_word' id='word_1_245' title='bbox 249 2824 394 2861; x_wconf 89' lang='lat' dir='ltr'><strong>adeo:</strong></span> <span class='ocrx_word' id='word_1_246' title='bbox 432 2830 476 2861; x_wconf 92' lang='lat' dir='ltr'><strong>to</strong></span> <span class='ocrx_word' id='word_1_247' title='bbox 505 2823 728 2861; x_wconf 88' lang='lat' dir='ltr'><strong>introduce</strong></span> <span class='ocrx_word' id='word_1_248' title='bbox 759 2836 784 2861; x_wconf 92' lang='lat' dir='ltr'><strong>a</strong></span> <span class='ocrx_word' id='word_1_249' title='bbox 815 2823 1069 2870; x_wconf 90' lang='lat' dir='ltr'><strong>correction;</strong></span> 
     </span>
     <span class='ocr_line' id='line_1_40' title="bbox 249 2878 1069 2930; baseline -0.001 -14"><span class='ocrx_word' id='word_1_250' title='bbox 249 2879 495 2930; x_wconf 86' lang='lat' dir='ltr'><strong>equivalent</strong></span> <span class='ocrx_word' id='word_1_251' title='bbox 517 2886 562 2917; x_wconf 95' lang='lat' dir='ltr'><strong>to</strong></span> <span class='ocrx_word' id='word_1_252' title='bbox 585 2880 652 2916; x_wconf 80' lang='lat' dir='ltr'><strong>vel</strong></span> <span class='ocrx_word' id='word_1_253' title='bbox 671 2880 825 2929; x_wconf 74' lang='lat' dir='ltr'><strong>potius.</strong></span> <span class='ocrx_word' id='word_1_254' title='bbox 890 2878 956 2916; x_wconf 86' lang='lat' dir='ltr'><strong>Cf.</strong></span> <span class='ocrx_word' id='word_1_255' title='bbox 982 2878 1069 2916; x_wconf 91' lang='lat' dir='ltr'><strong>Cic.</strong></span> 
     </span>
     <span class='ocr_line' id='line_1_41' title="bbox 248 2934 1069 2973; baseline -0.001 -2"><span class='ocrx_word' id='word_1_256' title='bbox 248 2936 294 2971; x_wconf 85' lang='lat' dir='ltr'><strong>in</strong></span> <span class='ocrx_word' id='word_1_257' title='bbox 321 2936 431 2973; x_wconf 72' lang='lat' dir='ltr'><strong>Caec.</strong></span> <span class='ocrx_word' id='word_1_258' title='bbox 454 2934 505 2973; x_wconf 75' lang='lat'><strong>68</strong></span> <span class='ocrx_word' id='word_1_259' title='bbox 528 2934 611 2972; x_wconf 86' lang='lat' dir='ltr'><strong>and</strong></span> <span class='ocrx_word' id='word_1_260' title='bbox 646 2934 858 2972; x_wconf 85' lang='lat' dir='ltr'><strong>Dziatzko</strong></span> <span class='ocrx_word' id='word_1_261' title='bbox 886 2946 941 2971; x_wconf 89' lang='lat' dir='ltr'><strong>on</strong></span> <span class='ocrx_word' id='word_1_262' title='bbox 974 2934 1069 2971; x_wconf 87' lang='lat' dir='ltr'><strong>Ter.</strong></span> 
     </span>
     <span class='ocr_line' id='line_1_42' title="bbox 248 2989 1070 3040; baseline 0 -14"><span class='ocrx_word' id='word_1_263' title='bbox 248 2989 420 3026; x_wconf 74' lang='lat' dir='ltr'><strong>Phorm.</strong></span> <span class='ocrx_word' id='word_1_264' title='bbox 444 2989 535 3040; x_wconf 84' lang='lat'>389.</span> <span class='ocrx_word' id='word_1_265' title='bbox 553 3014 607 3018; x_wconf 90' lang='lat'><strong>—</strong></span> <span class='ocrx_word' id='word_1_266' title='bbox 629 2990 885 3028; x_wconf 89' lang='lat' dir='ltr'><strong>secundus:</strong></span> <span class='ocrx_word' id='word_1_267' title='bbox 919 2989 1070 3027; x_wconf 87' lang='lat' dir='ltr'><strong>Cicero</strong></span> 
     </span>
     <span class='ocr_line' id='line_1_43' title="bbox 248 3044 1072 3094; baseline -0.001 -13"><span class='ocrx_word' id='word_1_268' title='bbox 248 3057 332 3082; x_wconf 88' lang='lat' dir='ltr'><strong>was</strong></span> <span class='ocrx_word' id='word_1_269' title='bbox 345 3044 455 3082; x_wconf 88' lang='lat' dir='ltr'><strong>their</strong></span> <span class='ocrx_word' id='word_1_270' title='bbox 468 3044 629 3082; x_wconf 91' lang='lat' dir='ltr'><strong>second</strong></span> <span class='ocrx_word' id='word_1_271' title='bbox 645 3044 873 3094; x_wconf 87' lang='lat' dir='ltr'><strong>champion</strong></span> <span class='ocrx_word' id='word_1_272' title='bbox 890 3045 931 3082; x_wconf 92' lang='lat' dir='ltr'><strong>in</strong></span> <span class='ocrx_word' id='word_1_273' title='bbox 949 3044 1072 3093; x_wconf 88' lang='lat' dir='ltr'><strong>point</strong></span> 
     </span>
     <span class='ocr_line' id='line_1_44' title="bbox 249 3099 1071 3150; baseline 0.001 -14"><span class='ocrx_word' id='word_1_274' title='bbox 249 3099 295 3137; x_wconf 85' lang='lat' dir='ltr'><strong>of</strong></span> <span class='ocrx_word' id='word_1_275' title='bbox 321 3099 420 3137; x_wconf 88' lang='lat' dir='ltr'><strong>time</strong></span> <span class='ocrx_word' id='word_1_276' title='bbox 442 3099 526 3137; x_wconf 88' lang='lat' dir='ltr'><strong>and</strong></span> <span class='ocrx_word' id='word_1_277' title='bbox 549 3099 595 3137; x_wconf 87' lang='lat' dir='ltr'><strong>of</strong></span> <span class='ocrx_word' id='word_1_278' title='bbox 621 3100 906 3150; x_wconf 89' lang='lat' dir='ltr'><strong>prominence.</strong></span> <span class='ocrx_word' id='word_1_279' title='bbox 950 3100 1071 3137; x_wconf 84' lang='lat' dir='ltr'><strong>Cras-</strong></span> 
     </span>
    </p>
   </div>
   <div class='ocr_carea' id='block_1_8' title="bbox 1144 2157 1982 3142">
    <p class='ocr_par' dir='ltr' id='par_1_8' title="bbox 1144 2157 1982 3142">
     <span class='ocr_line' id='line_1_45' title="bbox 1162 2157 1981 2210; baseline -0.001 -13"><span class='ocrx_word' id='word_1_280' title='bbox 1162 2159 1351 2210; x_wconf 90' lang='lat' dir='ltr'><strong>Perhaps</strong></span> <span class='ocrx_word' id='word_1_281' title='bbox 1382 2159 1436 2198; x_wconf 91' lang='lat' dir='ltr'><strong>he</strong></span> <span class='ocrx_word' id='word_1_282' title='bbox 1467 2159 1558 2197; x_wconf 90' lang='lat' dir='ltr'><strong>also</strong></span> <span class='ocrx_word' id='word_1_283' title='bbox 1584 2157 1746 2197; x_wconf 89' lang='lat' dir='ltr'><strong>wished</strong></span> <span class='ocrx_word' id='word_1_284' title='bbox 1777 2164 1822 2196; x_wconf 93' lang='lat' dir='ltr'><strong>to</strong></span> <span class='ocrx_word' id='word_1_285' title='bbox 1845 2157 1981 2196; x_wconf 89' lang='lat' dir='ltr'><strong>widen</strong></span> 
     </span>
     <span class='ocr_line' id='line_1_46' title="bbox 1158 2212 1982 2253; baseline -0.002 0"><span class='ocrx_word' id='word_1_286' title='bbox 1158 2215 1232 2253; x_wconf 94' lang='lat' dir='ltr'><strong>the</strong></span> <span class='ocrx_word' id='word_1_287' title='bbox 1252 2214 1408 2253; x_wconf 89' lang='lat' dir='ltr'><strong>breach</strong></span> <span class='ocrx_word' id='word_1_288' title='bbox 1431 2213 1622 2253; x_wconf 87' lang='lat' dir='ltr'><strong>between</strong></span> <span class='ocrx_word' id='word_1_289' title='bbox 1639 2214 1711 2252; x_wconf 91' lang='lat' dir='ltr'><strong>the</strong></span> <span class='ocrx_word' id='word_1_290' title='bbox 1733 2219 1881 2252; x_wconf 89' lang='lat' dir='ltr'><strong>senate</strong></span> <span class='ocrx_word' id='word_1_291' title='bbox 1897 2212 1982 2251; x_wconf 90' lang='lat' dir='ltr'><strong>and</strong></span> 
     </span>
     <span class='ocr_line' id='line_1_47' title="bbox 1159 2268 1981 2320; baseline -0.002 -12"><span class='ocrx_word' id='word_1_292' title='bbox 1159 2270 1232 2309; x_wconf 91' lang='lat' dir='ltr'><strong>the</strong></span> <span class='ocrx_word' id='word_1_293' title='bbox 1253 2270 1429 2320; x_wconf 87' lang='lat' dir='ltr'><strong>knights</strong></span> <span class='ocrx_word' id='word_1_294' title='bbox 1451 2270 1493 2307; x_wconf 92' lang='lat' dir='ltr'><strong>in</strong></span> <span class='ocrx_word' id='word_1_295' title='bbox 1515 2268 1640 2308; x_wconf 91' lang='lat' dir='ltr'><strong>order</strong></span> <span class='ocrx_word' id='word_1_296' title='bbox 1661 2275 1706 2307; x_wconf 92' lang='lat' dir='ltr'><strong>to</strong></span> <span class='ocrx_word' id='word_1_297' title='bbox 1728 2268 1895 2307; x_wconf 83' lang='lat' dir='ltr'><strong>further</strong></span> <span class='ocrx_word' id='word_1_298' title='bbox 1914 2268 1981 2307; x_wconf 92' lang='lat' dir='ltr'><strong>his</strong></span> 
     </span>
     <span class='ocr_line' id='line_1_48' title="bbox 1158 2325 1980 2376; baseline 0 -13"><span class='ocrx_word' id='word_1_299' title='bbox 1158 2338 1253 2364; x_wconf 91' lang='lat' dir='ltr'><strong>own</strong></span> <span class='ocrx_word' id='word_1_300' title='bbox 1283 2325 1474 2376; x_wconf 89' lang='lat' dir='ltr'><strong>political</strong></span> <span class='ocrx_word' id='word_1_301' title='bbox 1514 2325 1980 2375; x_wconf 88' lang='lat' dir='ltr'><strong>plans.—-summum</strong></span> 
     </span>
     <span class='ocr_line' id='line_1_49' title="bbox 1161 2379 1979 2431; baseline -0.004 -12"><span class='ocrx_word' id='word_1_302' title='bbox 1161 2411 1171 2420; x_wconf 87' lang='lat'><strong>.</strong></span> <span class='ocrx_word' id='word_1_303' title='bbox 1197 2409 1207 2418; x_wconf 92' lang='lat'>.</span> <span class='ocrx_word' id='word_1_304' title='bbox 1232 2409 1241 2418; x_wconf 94' lang='lat'><strong><em>.</em></strong></span> <span class='ocrx_word' id='word_1_305' title='bbox 1264 2380 1545 2431; x_wconf 88' lang='lat' dir='ltr'><strong>periculum:</strong></span> <span class='ocrx_word' id='word_1_306' title='bbox 1568 2393 1639 2419; x_wconf 93' lang='lat' dir='ltr'><strong>see</strong></span> <span class='ocrx_word' id='word_1_307' title='bbox 1658 2379 1761 2418; x_wconf 90' lang='lat' dir='ltr'><strong>Crit.</strong></span> <span class='ocrx_word' id='word_1_308' title='bbox 1781 2379 1979 2430; x_wconf 88' lang='lat' dir='ltr'><strong>Append.</strong></span> 
     </span>
     <span class='ocr_line' id='line_1_50' title="bbox 1156 2436 1982 2486; baseline -0.004 -11"><span class='ocrx_word' id='word_1_309' title='bbox 1156 2436 1618 2486; x_wconf 87' lang='lat' dir='ltr'><strong>—frequentissimo</strong></span> <span class='ocrx_word' id='word_1_310' title='bbox 1655 2441 1843 2473; x_wconf 89' lang='lat' dir='ltr'><strong>senatu:</strong></span> <span class='ocrx_word' id='word_1_311' title='bbox 1883 2440 1927 2472; x_wconf 90' lang='lat' dir='ltr'><strong>at</strong></span> <span class='ocrx_word' id='word_1_312' title='bbox 1957 2447 1982 2472; x_wconf 91' lang='lat' dir='ltr'><strong>a</strong></span> 
     </span>
     <span class='ocr_line' id='line_1_51' title="bbox 1144 2489 1979 2543; baseline -0.002 -14"><span class='ocrx_word' id='word_1_313' title='bbox 1144 2492 1355 2543; x_wconf 75' lang='lat' dir='ltr'><strong>frequens</strong></span> <span class='ocrx_word' id='word_1_314' title='bbox 1374 2496 1542 2528; x_wconf 78' lang='lat' dir='ltr'><strong>senatus</strong></span> <span class='ocrx_word' id='word_1_315' title='bbox 1563 2489 1810 2529; x_wconf 90' lang='lat' dir='ltr'><strong>mentioned</strong></span> <span class='ocrx_word' id='word_1_316' title='bbox 1831 2489 1873 2527; x_wconf 92' lang='lat' dir='ltr'><strong>in</strong></span> <span class='ocrx_word' id='word_1_317' title='bbox 1895 2491 1979 2527; x_wconf 87' lang='lat' dir='ltr'><em>Att.</em></span> 
     </span>
     <span class='ocr_line' id='line_1_52' title="bbox 1162 2544 1980 2598; baseline -0.002 -14"><span class='ocrx_word' id='word_1_318' title='bbox 1162 2558 1194 2584; x_wconf 90' lang='lat'><strong>1.</strong></span> <span class='ocrx_word' id='word_1_319' title='bbox 1227 2558 1287 2594; x_wconf 88' lang='lat'><strong>14.</strong></span> <span class='ocrx_word' id='word_1_320' title='bbox 1316 2557 1336 2598; x_wconf 88' lang='lat'>5</span> <span class='ocrx_word' id='word_1_321' title='bbox 1369 2546 1488 2584; x_wconf 88' lang='lat' dir='ltr'><strong>there</strong></span> <span class='ocrx_word' id='word_1_322' title='bbox 1518 2559 1627 2584; x_wconf 89' lang='lat' dir='ltr'><strong>were</strong></span> <span class='ocrx_word' id='word_1_323' title='bbox 1658 2555 1737 2597; x_wconf 86' lang='lat'><strong>415</strong></span> <span class='ocrx_word' id='word_1_324' title='bbox 1769 2544 1980 2583; x_wconf 89' lang='lat' dir='ltr'><strong>members</strong></span> 
     </span>
     <span class='ocr_line' id='line_1_53' title="bbox 1156 2601 1981 2652; baseline -0.004 -12"><span class='ocrx_word' id='word_1_325' title='bbox 1156 2609 1341 2652; x_wconf 88' lang='lat' dir='ltr'><strong>present,</strong></span> <span class='ocrx_word' id='word_1_326' title='bbox 1371 2601 1494 2639; x_wconf 90' lang='lat' dir='ltr'><strong>while</strong></span> <span class='ocrx_word' id='word_1_327' title='bbox 1524 2614 1550 2639; x_wconf 87' lang='lat' dir='ltr'><strong>a</strong></span> <span class='ocrx_word' id='word_1_328' title='bbox 1575 2601 1784 2652; x_wconf 78' lang='lat' dir='ltr'><strong>frequens</strong></span> <span class='ocrx_word' id='word_1_329' title='bbox 1814 2605 1981 2638; x_wconf 81' lang='lat' dir='ltr'><strong>senatus</strong></span> 
     </span>
     <span class='ocr_line' id='line_1_54' title="bbox 1156 2655 1980 2707; baseline -0.001 -13"><span class='ocrx_word' id='word_1_330' title='bbox 1156 2657 1198 2695; x_wconf 90' lang='lat' dir='ltr'><strong>in</strong></span> <span class='ocrx_word' id='word_1_331' title='bbox 1240 2656 1313 2695; x_wconf 89' lang='lat' dir='ltr'><strong>the</strong></span> <span class='ocrx_word' id='word_1_332' title='bbox 1353 2655 1593 2695; x_wconf 91' lang='lat' dir='ltr'><strong>December</strong></span> <span class='ocrx_word' id='word_1_333' title='bbox 1621 2655 1796 2707; x_wconf 92' lang='lat' dir='ltr'><strong>holiday</strong></span> <span class='ocrx_word' id='word_1_334' title='bbox 1825 2667 1980 2694; x_wconf 90' lang='lat' dir='ltr'><strong>season</strong></span> 
     </span>
     <span class='ocr_line' id='line_1_55' title="bbox 1157 2710 1977 2761; baseline -0.005 -11"><span class='ocrx_word' id='word_1_335' title='bbox 1157 2711 1384 2750; x_wconf 90' lang='lat' dir='ltr'><strong>contained</strong></span> <span class='ocrx_word' id='word_1_336' title='bbox 1418 2723 1496 2750; x_wconf 87' lang='lat'><strong>200</strong></span> <span class='ocrx_word' id='word_1_337' title='bbox 1526 2711 1737 2750; x_wconf 91' lang='lat' dir='ltr'><strong>members</strong></span> <span class='ocrx_word' id='word_1_338' title='bbox 1762 2710 1831 2761; x_wconf 86' lang='lat' dir='ltr'><strong>(cf.</strong></span> <span class='ocrx_word' id='word_1_339' title='bbox 1853 2710 1977 2761; x_wconf 77' lang='lat' dir='ltr'><strong>Q.fr.</strong></span> 
     </span>
     <span class='ocr_line' id='line_1_56' title="bbox 1158 2765 1980 2812; baseline -0.004 -7"><span class='ocrx_word' id='word_1_340' title='bbox 1158 2779 1193 2805; x_wconf 92' lang='lat'><strong>2.</strong></span> <span class='ocrx_word' id='word_1_341' title='bbox 1222 2779 1252 2804; x_wconf 91' lang='lat'><strong>1.</strong></span> <span class='ocrx_word' id='word_1_342' title='bbox 1281 2779 1312 2812; x_wconf 93' lang='lat'><strong>1,</strong></span> <span class='ocrx_word' id='word_1_343' title='bbox 1344 2766 1429 2805; x_wconf 90' lang='lat' dir='ltr'><strong>and</strong></span> <span class='ocrx_word' id='word_1_344' title='bbox 1453 2767 1659 2809; x_wconf 84' lang='lat' dir='ltr'><strong>Willems‚</strong></span> <span class='ocrx_word' id='word_1_345' title='bbox 1681 2767 1740 2804; x_wconf 86' lang='lat' dir='ltr'><strong>Le</strong></span> <span class='ocrx_word' id='word_1_346' title='bbox 1771 2765 1901 2804; x_wconf 83' lang='lat' dir='ltr'><strong>Se‘nat</strong></span> <span class='ocrx_word' id='word_1_347' title='bbox 1931 2766 1980 2802; x_wconf 83' lang='lat' dir='ltr'><strong>de</strong></span> 
     </span>
     <span class='ocr_line' id='line_1_57' title="bbox 1155 2820 1979 2872; baseline -0.002 -12"><span class='ocrx_word' id='word_1_348' title='bbox 1155 2823 1198 2860; x_wconf 82' lang='lat' dir='ltr'><strong>la</strong></span> <span class='ocrx_word' id='word_1_349' title='bbox 1229 2822 1400 2871; x_wconf 61' lang='lat' dir='ltr'><strong>deubl.</strong></span> <span class='ocrx_word' id='word_1_350' title='bbox 1432 2823 1552 2860; x_wconf 85' lang='lat' dir='ltr'><strong>Rom.</strong></span> <span class='ocrx_word' id='word_1_351' title='bbox 1591 2822 1649 2859; x_wconf 91' lang='grc' dir='ltr'><strong>ΙΙ.</strong></span> <span class='ocrx_word' id='word_1_352' title='bbox 1685 2820 1903 2872; x_wconf 82' lang='lat'>165-170).</span> <span class='ocrx_word' id='word_1_353' title='bbox 1925 2843 1979 2847; x_wconf 94' lang='lat'><strong>—-</strong></span> 
     </span>
     <span class='ocr_line' id='line_1_58' title="bbox 1158 2876 1976 2925; baseline -0.004 -9"><span class='ocrx_word' id='word_1_354' title='bbox 1158 2878 1404 2916; x_wconf 89' lang='lat' dir='ltr'><strong>Metellus:</strong></span> <span class='ocrx_word' id='word_1_355' title='bbox 1436 2879 1498 2915; x_wconf 86' lang='lat' dir='ltr'><strong>i.e.</strong></span> <span class='ocrx_word' id='word_1_356' title='bbox 1522 2877 1575 2925; x_wconf 88' lang='lat' dir='ltr'><strong>Q.</strong></span> <span class='ocrx_word' id='word_1_357' title='bbox 1600 2876 1803 2914; x_wconf 90' lang='lat' dir='ltr'><strong>Metellus</strong></span> <span class='ocrx_word' id='word_1_358' title='bbox 1830 2876 1976 2921; x_wconf 91' lang='lat' dir='ltr'><strong>Celer;</strong></span> 
     </span>
     <span class='ocr_line' id='line_1_59' title="bbox 1156 2932 1978 2982; baseline -0.005 -11"><span class='ocrx_word' id='word_1_359' title='bbox 1156 2933 1208 2971; x_wconf 87' lang='lat' dir='ltr'><strong>cf.</strong></span> <span class='ocrx_word' id='word_1_360' title='bbox 1246 2935 1330 2970; x_wconf 83' lang='lat' dir='ltr'><em>Att.</em></span> <span class='ocrx_word' id='word_1_361' title='bbox 1374 2944 1408 2970; x_wconf 85' lang='lat'><strong>2.</strong></span> <span class='ocrx_word' id='word_1_362' title='bbox 1446 2944 1477 2970; x_wconf 89' lang='lat'><strong>1.</strong></span> <span class='ocrx_word' id='word_1_363' title='bbox 1510 2944 1557 2980; x_wconf 86' lang='lat'><strong>4;</strong></span> <span class='ocrx_word' id='word_1_364' title='bbox 1590 2938 1674 2981; x_wconf 77' lang='lat' dir='ltr'><strong>pro</strong></span> <span class='ocrx_word' id='word_1_365' title='bbox 1709 2932 1816 2970; x_wconf 82' lang='lat' dir='ltr'><strong>Cael.</strong></span> <span class='ocrx_word' id='word_1_366' title='bbox 1851 2941 1978 2982; x_wconf 85' lang='lat'>59.—</span> 
     </span>
     <span class='ocr_line' id='line_1_60' title="bbox 1155 2984 1979 3036; baseline -0.005 -10"><span class='ocrx_word' id='word_1_367' title='bbox 1155 2989 1298 3026; x_wconf 87' lang='lat' dir='ltr'><strong>heros</strong></span> <span class='ocrx_word' id='word_1_368' title='bbox 1321 2988 1396 3026; x_wconf 90' lang='lat' dir='ltr'><strong>ille</strong></span> <span class='ocrx_word' id='word_1_369' title='bbox 1417 3003 1425 3026; x_wconf 87' lang='lat'>:</span> <span class='ocrx_word' id='word_1_370' title='bbox 1461 2987 1643 3026; x_wconf 85' lang='lat' dir='ltr'><strong>because</strong></span> <span class='ocrx_word' id='word_1_371' title='bbox 1665 2986 1902 3036; x_wconf 87' lang='lat' dir='ltr'><strong>regardless</strong></span> <span class='ocrx_word' id='word_1_372' title='bbox 1932 2984 1979 3022; x_wconf 87' lang='lat' dir='ltr'><strong>of</strong></span> 
     </span>
     <span class='ocr_line' id='line_1_61' title="bbox 1156 3039 1974 3093; baseline -0.006 -12"><span class='ocrx_word' id='word_1_373' title='bbox 1156 3043 1229 3081; x_wconf 89' lang='lat' dir='ltr'><strong>the</strong></span> <span class='ocrx_word' id='word_1_374' title='bbox 1268 3043 1457 3093; x_wconf 91' lang='lat' dir='ltr'><strong>political</strong></span> <span class='ocrx_word' id='word_1_375' title='bbox 1498 3054 1829 3092; x_wconf 88' lang='lat' dir='ltr'><strong>consequences.</strong></span> <span class='ocrx_word' id='word_1_376' title='bbox 1909 3039 1974 3078; x_wconf 83' lang='lat' dir='ltr'><strong>Cf.</strong></span> 
     </span>
     <span class='ocr_line' id='line_1_62' title="bbox 1155 3095 1902 3142; baseline -0.004 -6"><span class='ocrx_word' id='word_1_377' title='bbox 1155 3105 1258 3136; x_wconf 89' lang='lat' dir='ltr'><strong>note</strong></span> <span class='ocrx_word' id='word_1_378' title='bbox 1290 3104 1334 3136; x_wconf 91' lang='lat' dir='ltr'><strong>to</strong></span> <span class='ocrx_word' id='word_1_379' title='bbox 1365 3099 1409 3136; x_wconf 83' lang='lat' dir='ltr'><strong>ob</strong></span> <span class='ocrx_word' id='word_1_380' title='bbox 1440 3098 1730 3142; x_wconf 82' lang='lat' dir='ltr'><strong>iudicandum,</strong></span> <span class='ocrx_word' id='word_1_381' title='bbox 1753 3095 1902 3134; x_wconf 85' lang='lat' dir='ltr'><strong>above.</strong></span> 
     </span>
    </p>
   </div>
  </div>
 </body>
</html>
