2067 3332
218 179 270 219 34
785 178 1064 217 CICERO’S
1110 179 1400 217 LETTERS.
1760 179 1858 231 [Ep.
1882 182 1955 220 VI.

221 317 388 378 dium,
435 326 490 367 te
540 325 725 367 autem
776 316 882 367 alia
931 316 1159 367 minime
1209 317 1668 383 reprehendenda
1712 318 1850 368 ratio
1893 320 1961 369 ad

222 407 521 458 honestum
556 407 730 458 otium
761 406 930 458 duxit.
1016 407 1165 458 Vera
1202 407 1424 474 quidem
1467 407 1628 458 laude
1667 408 1961 474 probitatis

222 497 544 564 diligentiae
587 497 872 565 religionis
911 514 1092 565 neque
1133 515 1222 548 me
1264 498 1368 549 tibi
1409 515 1591 565 neque
1629 515 1961 566 quemquam

221 595 516 654 anteponO,
549 588 752 639 amoris
780 605 911 639 vero
942 605 1073 655 erga
1111 605 1215 650 me,
1249 606 1372 640 cum
1416 606 1447 639 a
1487 589 1735 640 fraterno
1776 606 1963 641 amore

167 687 193 727 6
223 678 641 746 domesticoque
679 678 927 740 discessi,
960 679 1063 730 tibi
1097 679 1302 746 primas
1345 679 1550 731 desem.
1634 679 1765 730 Vidi
1795 680 1958 742 enim,

222 768 334 819 vidi
367 769 705 837 penitusque
746 769 1004 836 perspexi
1043 770 1099 820 in
1142 770 1281 821 meis
1311 769 1476 821 variis
1518 770 1864 837 temporibus
1908 778 1963 821 et

226 859 629 911 sollicitudines
660 867 712 911 et
742 860 983 911 laetitias
1014 868 1155 912 tuas,
1242 860 1371 911 Fuit
1403 860 1538 911 mihi
1569 877 1736 928 saepe
1764 868 1820 912 et
1854 860 1963 912 lau-

224 950 308 1000 dis
338 958 562 1001 nostrae
590 951 888 1018 gratulatio
917 959 1014 1002 tua
1043 951 1284 1002 iucunda
1313 958 1367 1001 et
1398 950 1614 1002 timoris
1658 951 1962 1003 consolatio

225 1047 396 1106 grata.
456 1041 607 1108 Quin
637 1041 771 1092 mihi
800 1059 948 1093 nunc
977 1050 1034 1093 te
1063 1042 1296 1093 absente
1326 1058 1436 1092 non
1466 1041 1643 1093 solum
1670 1041 1961 1093 consilium

226 1147 334 1196 quo
365 1139 424 1182 tu
455 1132 694 1193 excelliS,
723 1133 819 1182 sed
851 1132 1017 1183 etiam
1048 1132 1320 1183 sermonis
1360 1131 1802 1193 communicati0‚
1822 1149 1962 1199 quae

226 1221 360 1270 mihi
391 1222 718 1273 suavissima
745 1230 930 1289 tecum
962 1223 1102 1273 solet
1134 1239 1273 1284 esse,
1298 1222 1533 1273 maxime
1562 1223 1962 1290 deest—quid

226 1310 445 1362 dicam?
503 1312 558 1362 in
588 1313 882 1379 publicane
912 1329 985 1374 re,
1019 1330 1126 1380 quo
1156 1313 1212 1363 in
1242 1330 1448 1380 genere
1478 1313 1613 1364 mihi
1641 1312 1964 1381 neglegenti

228 1418 351 1452 esse
380 1419 492 1453 non
522 1403 668 1463 licet,
696 1420 765 1454 an
795 1403 851 1453 in
880 1404 1093 1454 forensi
1123 1404 1325 1466 labore,
1353 1421 1516 1471 quem
1545 1412 1710 1455 antea
1738 1411 1964 1471 propter

227 1492 588 1544 ambitionem
624 1493 986 1555 sustinebam,
1020 1511 1167 1545 nunc
1210 1502 1270 1545 ut
1302 1494 1633 1562 dignitatem
1672 1494 1817 1545 tueri
1846 1511 1963 1561 gra-

227 1583 306 1633 tia
346 1584 570 1649 possim,
615 1601 684 1634 an
728 1584 783 1634 in
826 1584 961 1650 ipsis
1004 1584 1325 1636 domesticis
1368 1584 1626 1652 negotiiS,
1666 1584 1722 1635 in
1764 1584 1964 1652 quibus

229 1690 331 1740 ego
362 1691 486 1725 cum
516 1682 681 1725 antea
710 1682 826 1725 tum
855 1691 986 1725 vero
1022 1683 1146 1742 post
1176 1675 1484 1726 discessum
1525 1675 1714 1726 fratris
1757 1682 1814 1726 te
1856 1692 1965 1726 ser-

230 1781 534 1831 monesque
564 1773 785 1816 nostros
808 1765 1062 1816 desidero
1085 1766 1103 1816 ?
1153 1766 1440 1817 Postremo
1463 1783 1574 1816 non
1604 1765 1758 1817 labor
1786 1782 1960 1826 meus,

229 1871 339 1905 non
383 1855 617 1921 requieS,
664 1872 776 1906 non
815 1856 1120 1923 negotium,
1166 1873 1277 1907 non
1321 1856 1511 1917 otium,
1557 1873 1668 1907 non
1710 1855 1962 1906 forenses

230 1962 332 2004 reS‚
365 1961 477 1995 non
518 1946 873 2007 domesticae,
906 1963 1018 1996 non
1048 1946 1317 2013 publicae,
1351 1963 1462 1997 non
1504 1946 1750 2013 privatae
1779 1962 1965 1998 carere

229 2035 438 2086 diutius
483 2042 579 2086 tuo
625 2036 952 2087 suavissimo
997 2045 1165 2104 atque
1205 2036 1587 2088 amantissimo
1630 2036 1860 2088 consilio
1902 2053 1964 2087 ac

175 2149 193 2186 7
231 2142 486 2176 sermone
528 2135 777 2192 possunt.
870 2126 1063 2194 Atque
1108 2127 1302 2177 harum
1351 2144 1532 2177 rerum
1576 2143 1964 2177 commemora-

230 2215 438 2265 tionem
467 2216 802 2267 verecundia
832 2233 997 2283 saepe
1028 2217 1315 2283 impedivit
1355 2216 1643 2283 utriusque
1686 2223 1960 2277 nostrum3

229 2323 376 2356 nunc
424 2313 611 2356 autem
661 2323 725 2357 ea
771 2307 878 2357 fuit
931 2307 1247 2358 necessaria
1294 2314 1519 2373 propter
1574 2323 1694 2357 eam
1749 2313 1962 2372 partem

229 2395 500 2462 epistulae
529 2404 672 2457 tuae,
705 2413 802 2463 per
831 2414 994 2464 quam
1026 2405 1082 2448 te
1111 2414 1174 2449 ac
1203 2414 1384 2448 mores
1423 2405 1549 2447 tuos
1592 2396 1728 2446 mihi
1769 2413 1963 2463 purga-

228 2493 315 2536 tos
345 2503 408 2537 ac
437 2487 698 2552 probatos
728 2503 851 2538 esse
879 2487 1118 2538 voluisti.
1205 2487 1398 2554 Atque
1428 2486 1483 2536 in
1520 2485 1627 2537 ista
1667 2485 1962 2537 incommo-

229 2575 401 2626 ditate
431 2576 655 2626 alienati
694 2576 839 2627 illius
869 2577 1037 2627 animi
1069 2584 1123 2627 et
1167 2576 1369 2627 offensi
1411 2576 1545 2627 illud
1588 2575 1733 2626 inest
1775 2583 1962 2626 tamen

229 2666 516 2726 commodi,
549 2666 695 2732 quod
725 2674 778 2716 et
809 2666 944 2716 mihi
973 2674 1028 2717 et
1058 2666 1259 2717 ceteris
1295 2666 1486 2717 amicis
1529 2665 1641 2716 tuis
1683 2672 1816 2716 nota
1856 2665 1961 2715 fuit

229 2818 371 2865 cessi,
404 2819 449 2870 if
468 2819 501 2856 J
523 2824 667 2869 except
696 2820 764 2857 the
792 2818 882 2857 love
910 2820 962 2871 of
982 2833 1053 2870 my
1193 2819 1229 2858 6.
1263 2820 1579 2866 sustinebam,
1612 2830 1756 2858 nunc:
1796 2832 1847 2857 sc.
1879 2832 1963 2855 sus-

228 2874 392 2912 brother
429 2875 522 2912 and
556 2875 607 2925 of
637 2887 707 2924 my
734 2875 911 2926 family.
983 2875 1050 2913 Cf.
1138 2876 1260 2912 tineo.

229 2931 347 2966 Fam.
374 2927 412 2967 6.
446 2941 505 2967 12.
535 2941 554 2966 2
593 2931 786 2968 Caesaris
805 2931 1052 2981 familiares
1194 2941 1229 2978 7.
1262 2936 1492 2981 purgatos
1533 2941 1587 2968 ac
1624 2931 1865 2980 probatos:
1906 2927 1959 2966 cf.

324 3013 331 3020 .
372 2998 464 3022 cum
497 2985 547 3021 ab
580 2986 653 3022 illo
684 2986 959 3030 discesserint,
992 2998 1056 3022 me
1144 2985 1246 3023 Intr.
1278 2992 1542 3036 93.—nota
1575 3013 1584 3022 .
1610 3014 1618 3022 .
1646 3013 1654 3021 .
1687 2984 1961 3022 testificata:

229 3039 408 3076 habeant
422 3040 690 3088 proximum.
705 3062 760 3067 ——
776 3040 974 3090 primas:
1003 3054 1054 3078 sc.
1142 3040 1315 3078 Atticus
1338 3040 1422 3077 had
1443 3038 1656 3077 informed
1690 3039 1842 3076 Cicero
1873 3051 1962 3076 sev-

220 3100 377 3141 parles.
1143 3095 1228 3133 eral
1246 3095 1420 3133 months
1437 3094 1585 3132 before
1602 3093 1648 3131 of
1668 3093 1734 3132 his
1750 3093 1962 3131 intention
