2067 3332
200 124 284 165 250
767 123 1044 164 CICERO’S
1089 123 1377 163 LETTERS.

1564 122 1666 175 [Ep.
1689 123 1944 163 LXXXVI.

146 283 170 319 4
205 265 504 316 Succurret
533 264 773 315 fortasse
803 264 908 315 hoc
937 263 1058 315 loco
1093 263 1257 315 alicui
1285 270 1549 324 vestrum,
1583 280 1681 314 cur
1721 263 1945 314 novissi-

201 373 351 406 mum
393 362 614 422 tempus
658 362 1048 421 exspectemus
1103 354 1287 421 potius
1343 370 1504 420 quam
1550 370 1699 404 nunc
1741 353 1945 420 aliquid

202 445 506 497 moliamur.

594 445 740 512 Quia
782 444 874 496 ubi
917 444 1286 496 consistamus
1330 461 1441 494 non
1484 443 1754 494 habemus
1795 460 1945 510 prae-

200 543 287 586 ter
342 535 467 587 Sex.
517 535 840 602 Pompeium
885 542 940 586 et
997 535 1232 585 Bassum
1291 533 1610 595 Caecilium,
1663 533 1755 601 qui
1809 533 1945 584 mihi

199 626 457 677 videntur
485 626 590 677 hoc
620 625 816 677 nuntio
847 626 915 676 de
960 625 1199 677 Caesare
1241 624 1406 676 allato
1451 624 1717 675 firmiores
1751 623 1941 676 futuri.

203 716 353 768 Satis
382 724 633 783 tempore
671 717 739 767 ad
781 733 876 767 eos
919 716 1263 776 accedemuS,
1298 715 1392 766 ubi
1425 715 1556 782 quid
1584 714 1805 765 valeant
1848 714 1945 765 sci-

201 807 421 859 erimus,

148 909 169 951 5
201 897 491 964 recipiam;
534 897 779 964 postulat
812 897 956 947 enim
988 897 1092 947 hoc
1139 896 1358 947 Hirtius
1389 903 1449 946 ut
1479 895 1695 946 faciam.

507 808 609 858 Pro
643 807 833 858 Cassio
877 814 932 858 et
975 814 1046 868 te,
1079 806 1125 857 si
1167 806 1296 873 quid
1339 823 1427 856 me
1455 805 1638 856 velitis
1680 805 1942 871 recipere,

1783 896 1944 961 Rogo

200 1005 297 1039 vos
337 1005 500 1055 quam
543 988 779 1054 primum
821 987 955 1038 mihi
998 987 1554 1038 rescribatis—nam
1597 1002 1708 1036 non
1751 985 1944 1036 dubito

200 1079 330 1146 quin
379 1079 447 1129 de
492 1079 575 1129 his
631 1079 795 1130 rebus
851 1086 981 1146 ante
1037 1078 1227 1128 horam
1272 1085 1521 1144 quartam
1574 1076 1790 1126 Hirtius
1834 1092 1944 1127 cer-

200 1170 395 1220 tiorem
451 1186 539 1220 me
594 1169 664 1220 sit
719 1169 969 1220 facturus
1001 1186 1011 1220 :
1078 1185 1242 1235 quem
1298 1168 1354 1218 in
1410 1167 1590 1219 locum
1649 1166 1944 1219 convenire

200 1259 492 1326 possimUS,
520 1277 628 1326 quo
657 1276 745 1310 me
774 1259 959 1310 velitis
988 1259 1194 1321 venire,
1229 1258 1532 1310 rescribite.

281 1351 410 1401 Post
441 1350 805 1401 novissimum
839 1350 991 1400 Hirti
1033 1366 1346 1400 sermonem
1382 1349 1645 1416 placitum
1685 1356 1768 1399 est
1807 1347 1944 1398 mihi

200 1441 481 1507 postulare
510 1449 570 1491 ut
601 1441 790 1492 liceret
821 1441 981 1491 nobis
1016 1441 1227 1491 Romae
1253 1457 1375 1491 esse
1404 1439 1626 1506 publico
1649 1439 1937 1506 praesidio

203 1531 368 1599 Quod
399 1531 520 1582 illos
551 1531 710 1582 nobis
741 1548 1105 1582 concessuros
1143 1548 1255 1581 non
1297 1538 1464 1597 puto;
1508 1547 1764 1597 magnam
1795 1529 1941 1580 enim

200 1622 460 1673 invidiam
491 1622 555 1673 iis
597 1622 882 1673 faciemus,

969 1621 1124 1672 Nihil
1166 1630 1355 1673 tamen
1397 1638 1509 1672 non
1550 1620 1941 1688 postulandum

201 1713 405 1779 putavi,
439 1713 584 1780 quod
614 1729 850 1779 aequum
882 1729 1005 1763 esse
1036 1719 1353 1764 statuerem.

199 1840 450 1890 :denique
488 1839 530 1877 in
571 1851 596 1877 a
638 1839 765 1877 letter
811 1838 922 1877 from
967 1839 1022 1876 D.

203 1895 360 1933 Brutus
381 1895 517 1946 (Fam.
540 1906 600 1932 11.
622 1905 683 1933 20.
707 1894 744 1945 1)
770 1894 853 1932 and
875 1895 917 1932 in
940 1906 1022 1932 one

199 1950 312 1988 from
345 1950 391 1988 C.
417 1950 593 1988 Cassius
626 1950 763 2000 (Fam.
792 1961 852 1987 12.
880 1961 940 2001 13.
966 1950 1021 2001 3).

201 2005 307 2044 This
330 2018 461 2056 usage
480 2006 514 2043 is
531 2012 608 2044 not
624 2005 766 2044 found
786 2006 829 2043 in
851 2005 1022 2044 Caesar.

256 2073 293 2109 4.
326 2067 598 2100 succurret:
649 2061 718 2098 for
748 2066 960 2107 occurren·
1001 2073 1026 2099 a

199 2129 331 2167 usage
373 2123 448 2154 not
486 2116 625 2155 found
666 2116 709 2154 in
744 2117 895 2155 Cicero
936 2122 1027 2154 out-

201 2172 291 2211 side
323 2172 395 2210 the
429 2174 609 2218 Letters,
642 2171 729 2210 and
770 2172 870 2224 only
906 2172 1025 2210 three

202 2228 326 2267 times
356 2228 400 2266 in
432 2228 581 2276 them;
623 2229 699 2278 Ep.
734 2228 827 2266 XC.
851 2227 904 2275 63
937 2229 1022 2265 Att.

206 2295 266 2332 14.
293 2295 325 2321 1.
350 2295 455 2322 2.—
473 2285 580 2323 Sex.
607 2284 922 2334 Pompeium:
955 2283 1028 2321 the

202 2352 283 2378 son
324 2339 371 2376 of
412 2339 642 2389 Pompeius
688 2340 887 2389 Magnus,
930 2339 1027 2377 who

202 2394 384 2445 escaped
408 2394 516 2432 after
537 2395 607 2432 the
631 2394 764 2433 battle
787 2394 834 2433 of
860 2394 1028 2432 Munda

205 2450 348 2501 (Caes.
368 2451 435 2501 fr.
458 2463 496 2500 p.
526 2449 612 2496 160,
636 2449 701 2488 ed.
734 2449 919 2501 Dinter)‚
943 2448 1029 2488 and

201 2505 407 2555 gathered
463 2505 596 2544 about
651 2505 740 2544 him
792 2506 835 2544 in
893 2505 1028 2556 Spain

203 2560 560 2607 irreconcilables,
610 2561 892 2605 freebooters,
943 2560 1027 2598 and

202 2617 503 2655 malcontents.
527 2640 582 2644 —
606 2618 819 2655 Bassum
860 2616 1028 2655 Caeci-

201 2672 348 2711 lium:
389 2684 414 2709 a
452 2672 685 2722 Pompeian
718 2672 828 2717 who,
861 2671 1027 2721 though

202 2727 425 2777 pardoned
476 2727 532 2779 by
584 2728 746 2765 Caesar
795 2727 905 2765 after
954 2727 1027 2765 the

202 2782 336 2821 battle
390 2782 437 2820 of
487 2783 733 2828 Pharsalus,
775 2781 953 2821 secured
1003 2794 1028 2819 a

202 2838 327 2876 small
349 2851 479 2890 army,
502 2836 763 2876 entrenched
784 2837 959 2875 himself
986 2837 1027 2874 in

205 2893 338 2945 Syria,
357 2892 443 2931 and
460 2892 598 2931 defied
614 2893 686 2931 the
701 2905 845 2942 power
859 2892 905 2930 of
924 2892 1028 2930 Cae-

202 2959 285 2986 sar.
338 2948 406 2986 On
429 2947 502 2986 the
523 2948 648 2986 order
668 2948 879 2986 Bassum
906 2948 1027 2986 Cae-

1116 1838 1293 1886 cilium,
1310 1838 1363 1884 cf.
1388 1839 1505 1878 Galli
1525 1839 1695 1885 Canini,
1715 1839 1793 1888 Ep.
1812 1838 1938 1877 XIX.

1115 1906 1140 1942 4
1161 1907 1200 1932 n.
1226 1895 1383 1933 Brutus
1405 1893 1563 1945 adopts
1586 1894 1658 1933 the
1680 1907 1798 1933 same
1815 1893 1941 1932 order

1115 1949 1156 1988 in
1190 1951 1307 1987 Fam.
1344 1962 1406 1989 11.
1439 1962 1475 2002 9.
1512 1961 1556 1994 13
1593 1961 1653 1987 11.
1678 1961 1740 1988 20.
1767 1950 1939 1988 1.—de

1118 2006 1344 2044 Caesare:
1367 2005 1652 2056 euphemistic
1668 2005 1737 2043 for
1751 2007 1798 2043 de
1811 2010 1942 2043 morte

1120 2062 1321 2100 Caesaris.
1340 2073 1493 2112 —pro
1518 2060 1689 2099 Cassio
1712 2067 1757 2099 et
1779 2067 1843 2099 te:
1866 2060 1940 2099 the

1115 2116 1241 2155 letter
1270 2117 1305 2154 is
1338 2115 1574 2155 addressed
1610 2128 1728 2154 more
1758 2115 1939 2166 particu-

1115 2172 1220 2224 larly
1241 2179 1285 2211 to
1310 2173 1367 2210 M.
1393 2172 1562 2210 Brutus.

1172 2227 1208 2266 6.
1246 2234 1355 2279 post
1388 2256 1398 2266 .
1432 2256 1442 2266 .
1477 2258 1485 2266 .
1522 2239 1808 2274 sermonem,
1841 2232 1939 2265 etc.:

1116 2284 1367 2335 apparently
1397 2283 1565 2321 written
1597 2283 1705 2320 after
1736 2283 1807 2320 the
1843 2295 1941 2321 con-

1114 2338 1284 2377 ference
1315 2339 1417 2378 with
1458 2338 1628 2376 Hirtius
1669 2337 1853 2376 referred
1894 2344 1939 2376 to

1116 2393 1266 2440 above,
1285 2393 1369 2433 and
1391 2393 1683 2446 immediately
1699 2393 1845 2432 before
1868 2393 1941 2431 the

1116 2450 1304 2499 meeting
1325 2450 1371 2487 of
1402 2449 1473 2488 the
1496 2455 1643 2487 senate
1666 2462 1724 2486 on
1748 2449 1855 2487 Mar.
1878 2459 1938 2497 17.

1114 2528 1170 2533 —-
1185 2505 1530 2544 novissimum:
1561 2504 1630 2542 for
1653 2505 1903 2554 proximum
1919 2515 1938 2550 ,-

1116 2561 1168 2599 cf.
1205 2567 1304 2599 note
1346 2560 1497 2598 above.
1514 2583 1569 2588 —
1586 2559 1715 2598 illos:
1765 2560 1941 2611 Antony

1116 2615 1202 2653 and
1261 2616 1326 2654 his
1388 2615 1614 2653 followers.
1637 2637 1687 2642 —
1712 2614 1939 2652 invidiam

1116 2671 1174 2709 iis
1207 2671 1459 2710 faciemus:
1493 2670 1545 2708 cf.
1570 2672 1656 2708 Att.
1685 2681 1720 2721 3.
1748 2668 1796 2708 16
1827 2675 1937 2719 spem

1116 2727 1264 2777 facere
1284 2728 1418 2765 alicui
1428 2739 1446 2772 ;
1479 2727 1599 2764 Fam.
1625 2737 1681 2763 10.
1705 2724 1765 2762 18.
1786 2736 1806 2762 2
1825 2726 1941 2762 timo·

1116 2795 1201 2820 rem
1222 2782 1368 2832 facere
1406 2782 1540 2820 alicui
1551 2794 1568 2827 ;
1612 2782 1698 2818 Att.
1740 2791 1799 2817 11.
1834 2779 1873 2818 8.
1915 2790 1937 2817 2

1114 2838 1293 2874 dolorem
1302 2838 1450 2888 facere
1468 2837 1610 2874 alicui.
1673 2835 1713 2873 It
1734 2835 1769 2873 is
1789 2833 1938 2885 proba-

1114 2891 1181 2929 ble
1205 2892 1299 2930 that
1322 2892 1378 2930 all
1401 2891 1521 2929 these
1544 2891 1725 2941 phrases
1756 2901 1826 2928 are
1857 2889 1939 2928 col-

1113 2947 1288 2998 loquial.
1351 2946 1417 2984 Cf.
1446 2946 1548 2984 Intr.
1570 2945 1635 2998 89.
