2067 3332
74 147 193 184 Fam.
219 154 253 196 5·
280 144 362 196 14.]
667 145 945 185 CICERo’s
989 146 1277 186 LETTERS.
1739 147 1817 187 231

0 332 4 340 .
74 285 322 352 spexisse
371 285 576 347 videor,
630 302 734 336 nec
789 302 820 336 a
868 302 958 336 me
1007 285 1173 336 alieni
1221 294 1275 338 et
1325 287 1428 338 tibi
1476 285 1814 340 amicissimi.

76 375 240 443 Quod
296 393 422 427 cum
480 376 556 427 ita
601 375 688 437 sit,
738 393 974 443 magnae
1023 384 1209 427 tamen
1266 385 1352 428 est
1400 377 1817 430 deliberationis

73 482 213 532 quae
260 465 400 516 ratio
447 465 519 517 sit
565 465 809 516 ineunda
850 466 1011 517 nobis
1055 484 1165 517 non
1209 467 1410 534 agendi
1452 467 1674 535 aliquid,
1720 469 1818 519 sed

72 555 218 608 illius
262 573 532 608 concessu
576 563 631 607 et
675 556 946 608 beneficio
990 557 1327 625 quiescendi.
1412 558 1567 610 Vale.

562 773 866 825 LXXVII.
929 774 1100 843 (Fam.
1139 786 1184 840 5.
1226 775 1333 843 14.)

274 923 322 960 L.
365 920 670 960 LVCCEIVS
713 920 767 969 Q.
812 921 858 958 F.
902 920 945 959 S.
988 920 1043 959 D.
1086 921 1147 959 M.
1188 921 1419 960 TVLLIO
1461 922 1522 960 M.
1565 922 1612 960 F.

147 1035 202 1086 S.
237 1052 284 1086 V.
319 1035 368 1085 b.
403 1034 467 1086 E.
499 1051 548 1085 v.
581 1033 725 1085 sicut
769 1032 937 1094 soleo,
975 1032 1197 1100 paululo
1239 1040 1428 1084 tamen
1471 1033 1639 1085 etiam
1669 1035 1817 1086 dete-

71 1125 183 1176 rius
228 1142 393 1193 quam
441 1124 608 1175 sole0.
711 1124 795 1175 Te
839 1123 1104 1191 requisivi
1159 1124 1379 1191 saepius
1434 1131 1495 1175 ut
1539 1125 1813 1188 viderem;

71 1217 285 1267 Romae
328 1215 458 1283 quia
498 1222 696 1282 postea
736 1231 849 1266 non
890 1214 1052 1265 fuisti
1100 1232 1265 1282 quam
1306 1215 1689 1277 discesseram,
1723 1216 1816 1267 mi-

68 1314 220 1357 ratus
264 1323 385 1357 sum
408 1323 420 1368 ;
463 1306 610 1373 quod
653 1306 787 1356 item
830 1323 979 1357 nunc
1021 1305 1203 1357 miror.
1317 1306 1446 1357 Non
1488 1307 1666 1358 habeo
1705 1324 1816 1359 cer-

68 1404 186 1448 tum
216 1413 359 1464 quae
388 1404 445 1448 te
484 1413 572 1447 res
614 1396 746 1448 hinc
788 1395 1025 1447 maxime
1066 1396 1328 1449 retrahat.
1414 1397 1475 1448 Si
1517 1397 1815 1449 solitudine

66 1487 360 1548 delectare,
399 1504 525 1538 cum
569 1487 779 1538 scribas
823 1495 878 1538 et
921 1486 1130 1555 aliquid
1172 1505 1304 1554 agas
1348 1505 1538 1539 eorum
1581 1506 1809 1556 quorum

68 1578 370 1639 consuesti,
419 1579 636 1646 gaudeo
686 1595 868 1646 neque
913 1578 1259 1645 reprehendo
1299 1587 1456 1629 tuum
1501 1579 1810 1631 consilium.

69 1668 214 1719 Nam
245 1668 384 1719 nihil
413 1668 522 1720 ist-o
558 1676 749 1736 potest
788 1685 913 1720 esse
955 1668 1252 1720 iucundius
1296 1686 1408 1720 non
1451 1671 1613 1720 modo
1655 1671 1813 1720 mise-

66 1759 142 1810 ris
171 1759 257 1811 his
286 1759 633 1827 temporibus
664 1768 719 1811 et
749 1759 1039 1821 luctuosiS,
1073 1760 1171 1811 sed
1210 1760 1378 1811 etiam
1414 1760 1728 1828 tranquillis
1758 1769 1813 1811 et

66 1850 290 1918 optatiS,
323 1850 653 1918 praesertim
686 1850 772 1902 vel
814 1850 1000 1902 animo
1029 1850 1340 1918 defetigato
1383 1858 1495 1913 tu0,
1528 1852 1623 1918 qui
1663 1869 1813 1903 nunc

66 1940 314 2010 requiem
344 1949 574 2010 quaerat
605 1958 671 1992 ex
700 1941 918 2009 magnis
948 1941 1427 2008 occupationibus,
1459 1942 1547 1993 vel
1577 1943 1808 2004 eruditO,

67 2032 161 2099 qui
206 2049 426 2099 semper
466 2032 674 2100 aliquid
715 2049 783 2083 ex
825 2049 885 2083 se
927 2040 1144 2099 promat
1184 2033 1331 2100 quod
1373 2032 1509 2084 alios
1552 2033 1809 2094 delectet,

67 2164 281 2204 cissimi:
325 2164 489 2204 Caesar
523 2163 610 2204 had
646 2165 796 2205 shown
829 2165 896 2204 his

66 2219 307 2272 friendship
334 2220 403 2259 for
435 2221 610 2260 Servius
642 2221 698 2273 by
719 2221 897 2273 making

66 2275 155 2314 him
177 2288 392 2327 governor
412 2276 460 2315 of
493 2277 671 2315 Achaia.
689 2301 744 2305 —
759 2277 864 2316 vale
886 2292 894 2315 :

65 2331 118 2370 cf.
144 2332 247 2371 Intr.
271 2332 337 2372 62.

125 2388 359 2427 LXXVII.
386 2388 537 2434 Rome,
555 2389 658 2441 May
679 2400 716 2440 9,
740 2399 792 2441 45
812 2398 894 2427 B.C.

68 2443 278 2483 Lucceius
301 2456 426 2495 urges
456 2444 609 2483 Cicero
632 2451 708 2483 not
731 2451 776 2483 to
798 2444 895 2495 give

66 2497 242 2539 himself
263 2513 319 2551 up
341 2500 519 2552 entirely
536 2507 581 2539 to
602 2500 712 2551 grief
731 2500 800 2538 for
823 2500 895 2538 the

65 2553 155 2594 loss
195 2555 243 2593 of
281 2555 347 2594 his
388 2555 613 2606 daughter.
676 2557 744 2595 On
788 2557 895 2594 Luc-

67 2610 196 2657 ceius,
215 2611 267 2649 cf.
294 2612 371 2662 Ep.
397 2612 571 2650 XVIII.
595 2611 754 2650 introd.
777 2618 892 2650 note.

125 2677 157 2704 1.
201 2679 239 2705 s.
275 2679 319 2705 v.
359 2668 403 2706 b.
438 2679 479 2706 e.
505 2679 574 2706 v.:
615 2669 679 2705 i.e.
712 2669 752 2706 si
784 2668 897 2705 vales

66 2721 210 2760 benest.
274 2723 364 2774 Ego
383 2724 511 2769 valeo,
535 2735 584 2761 or
604 2725 642 2761 si
661 2725 775 2761 vales
801 2724 896 2762 bene

65 2782 134 2814 est.
188 2778 323 2817 Valeo.
374 2778 566 2817 Cf.1ntr.
589 2778 894 2818 62.—habeo

67 2839 251 2873 certum
273 2848 280 2871 :
310 2833 381 2872 for
404 2836 485 2873 scio
509 2841 667 2873 certum
689 2847 704 2880 ,·
737 2834 788 2873 cf.
814 2835 892 2884 Ep.

69 2888 166 2927 LII.
203 2901 236 2927 1.
299 2890 380 2928 See
410 2890 501 2928 also
537 2891 593 2928 sic
626 2891 778 2935 habeto,
814 2891 891 2940 Ep.

67 2943 235 2983 XXVI.
273 2956 287 2982 1
324 2957 568 2996 n.—-quae
602 2957 708 2984 res:
750 2958 775 2984 a
805 2953 895 2983 nat-

67 3000 155 3037 ural
187 2999 420 3039 substitute
448 3001 518 3038 for
542 3002 651 3051 quid
675 3001 789 3039 from
821 3001 893 3039 the

66 3066 148 3105 pen
172 3055 219 3093 of
248 3069 273 3094 a
293 3056 458 3108 lawyer.
521 3055 588 3094 Cf.
612 3070 717 3107 quae
740 3070 803 3094 res
824 3056 894 3093 for

65 3111 184 3160 quod,
204 3112 323 3149 Fam.
348 3122 407 3148 12.
431 3122 491 3159 14.
512 3122 546 3148 2.
562 3134 616 3139 —
633 3111 890 3149 delectare:

983 2165 1027 2203 in
1064 2164 1138 2203 the
1174 2164 1337 2204 second
1371 2177 1482 2215 pers.
1517 2165 1624 2216 sing.
1660 2166 1811 2204 Cicero

986 2233 1086 2260 uses
1122 2220 1195 2259 the
1231 2220 1392 2271 ending
1422 2235 1482 2259 -re
1513 2221 1555 2258 in
1593 2221 1666 2259 the
1700 2235 1811 2272 pres.

984 2276 1112 2328 subj„
1143 2276 1310 2327 imperf.
1343 2276 1441 2321 ind„
1473 2276 1557 2314 and
1597 2276 1676 2314 fut.
1711 2277 1810 2323 ind„

984 2332 1216 2372 elsewhere
1252 2332 1324 2371 the
1360 2331 1520 2382 ending
1550 2334 1639 2370 -νίς,
1705 2333 1810 2371 Two

984 2388 1237 2440 exceptions
1270 2401 1368 2440 may
1402 2387 1454 2426 be
1490 2387 1623 2426 noted
1656 2394 1701 2426 to
1738 2388 1811 2427 the

983 2444 1068 2483 last
1098 2450 1361 2483 statement:
1406 2443 1466 2495 (1)
1490 2443 1533 2481 in
1564 2443 1630 2482 his
1662 2444 1811 2483 earlier

984 2500 1172 2550 writings
1205 2513 1267 2538 -re
1297 2499 1332 2538 is
1366 2499 1458 2537 also
1494 2498 1632 2537 found
1661 2499 1703 2537 in
1738 2500 1810 2539 the

984 2555 1152 2606 imperf.
1174 2554 1306 2605 subj.;
1342 2554 1402 2606 (2)
1427 2554 1469 2592 in
1493 2554 1618 2593 verbs
1650 2555 1811 2606 having

983 2623 1040 2649 no
1063 2612 1201 2650 active
1222 2611 1337 2649 form
1359 2623 1420 2648 -re
1440 2610 1475 2649 is
1506 2610 1598 2648 also
1632 2610 1735 2649 used
1766 2611 1808 2649 in

983 2666 1056 2705 the
1078 2680 1187 2717 pres.
1211 2666 1296 2705 ind.
1359 2665 1498 2705 Other
1517 2678 1639 2705 cases
1661 2666 1708 2704 of
1737 2666 1810 2705 the

984 2735 1058 2761 use
1090 2722 1138 2760 of
1166 2722 1303 2762 forms
1334 2722 1377 2760 in
1398 2735 1475 2767 -νε,
1498 2735 1546 2760 as
1571 2722 1808 2760 delectare

982 2777 1096 2823 here,
1120 2791 1189 2817 are
1217 2778 1386 2816 archaic
1418 2790 1467 2816 or
1497 2777 1810 2829 colloquial.—

982 2846 1186 2884 quorurn
1221 2833 1498 2873 consuesti:
1532 2833 1605 2872 the
1638 2846 1735 2872 case
1764 2833 1811 2871 of

981 2890 1054 2927 the
1087 2890 1263 2928 relative
1293 2890 1328 2928 is
1360 2888 1626 2928 assimilated
1648 2896 1693 2927 to
1716 2889 1810 2928 that

981 2944 1028 2982 of
1059 2944 1114 2983 its
1145 2944 1415 2983 antecedent.
1440 2979 1443 2982 .
1478 2945 1545 2983 Cf.
1582 2945 1690 2983 Hor.
1719 2946 1806 2983 Sat.

985 3011 1017 3037 1.
1041 3000 1077 3038 6.
1106 3011 1152 3052 15
1175 3001 1310 3038 iudice
1337 3014 1417 3051 quo
1439 3002 1548 3038 nosti
1569 3002 1809 3051 populo.—

980 3056 1165 3094 animo:
1197 3068 1252 3093 on
1282 3055 1354 3094 the
1380 3055 1730 3106 personification
1763 3055 1810 3094 of

979 3113 1163 3156 animus,
1189 3111 1241 3149 cf.
1267 3111 1344 3161 Ep.
1370 3111 1468 3148 LII.
1500 3122 1513 3148 1
1543 3124 1582 3149 n.
