<?xml version="1.0" encoding="UTF-8"?>
<!DOCTYPE html PUBLIC "-//W3C//DTD XHTML 1.0 Transitional//EN"
    "http://www.w3.org/TR/xhtml1/DTD/xhtml1-transitional.dtd">
<html xmlns="http://www.w3.org/1999/xhtml" xml:lang="en" lang="en">
 <head>
  <title>
</title>
<meta http-equiv="Content-Type" content="text/html;charset=utf-8" />
  <meta name='ocr-system' content='tesseract 3.04.00' />
  <meta name='ocr-capabilities' content='ocr_page ocr_carea ocr_par ocr_line ocrx_word'/>
</head>
<body>
  <div class='ocr_page' id='page_1' title='image "./selectedletterso1898cice_0294.png"; bbox 0 0 2067 3332; ppageno 0'>
   <div class='ocr_carea' id='block_1_1' title="bbox 180 155 1926 209">
    <p class='ocr_par' dir='ltr' id='par_1_1' title="bbox 180 155 1926 209">
     <span class='ocr_line' id='line_1_1' title="bbox 180 155 1926 209; baseline 0.003 -16"><span class='ocrx_word' id='word_1_1' title='bbox 180 155 259 193; x_wconf 87' lang='lat'><strong>212</strong></span> <span class='ocrx_word' id='word_1_2' title='bbox 464 198 466 201; x_wconf 13' lang='lat' dir='ltr'><strong>y</strong></span> <span class='ocrx_word' id='word_1_3' title='bbox 747 157 1026 196; x_wconf 90' lang='lat' dir='ltr'><strong>CICERO’S</strong></span> <span class='ocrx_word' id='word_1_4' title='bbox 1070 158 1357 196; x_wconf 88' lang='lat' dir='ltr'><strong>LETTERS.</strong></span> <span class='ocrx_word' id='word_1_5' title='bbox 1588 158 1687 209; x_wconf 89' lang='lat' dir='ltr'>[Ep.</span> <span class='ocrx_word' id='word_1_6' title='bbox 1714 160 1926 199; x_wconf 88' lang='lat' dir='ltr'><strong>LXVIII.</strong></span> 
     </span>
    </p>
   </div>
   <div class='ocr_carea' id='block_1_2' title="bbox 181 295 1926 451">
    <p class='ocr_par' dir='ltr' id='par_1_2' title="bbox 181 295 1926 451">
     <span class='ocr_line' id='line_1_2' title="bbox 181 295 1926 363; baseline 0.003 -18"><span class='ocrx_word' id='word_1_7' title='bbox 181 313 300 346; x_wconf 89' lang='lat' dir='ltr'><strong>eam</strong></span> <span class='ocrx_word' id='word_1_8' title='bbox 332 296 662 362; x_wconf 83' lang='lat' dir='ltr'><strong>perspicias3</strong></span> <span class='ocrx_word' id='word_1_9' title='bbox 708 295 754 346; x_wconf 93' lang='lat' dir='ltr'><strong>si</strong></span> <span class='ocrx_word' id='word_1_10' title='bbox 798 297 946 346; x_wconf 92' lang='lat' dir='ltr'><strong>enim</strong></span> <span class='ocrx_word' id='word_1_11' title='bbox 990 296 1126 346; x_wconf 88' lang='lat' dir='ltr'><strong>nihil</strong></span> <span class='ocrx_word' id='word_1_12' title='bbox 1170 305 1253 347; x_wconf 93' lang='lat' dir='ltr'><strong>est</strong></span> <span class='ocrx_word' id='word_1_13' title='bbox 1299 297 1354 346; x_wconf 92' lang='lat' dir='ltr'><strong>in</strong></span> <span class='ocrx_word' id='word_1_14' title='bbox 1398 297 1705 363; x_wconf 89' lang='lat' dir='ltr'><strong>parietibus</strong></span> <span class='ocrx_word' id='word_1_15' title='bbox 1739 307 1833 349; x_wconf 92' lang='lat' dir='ltr'><strong>aut</strong></span> <span class='ocrx_word' id='word_1_16' title='bbox 1871 300 1926 350; x_wconf 91' lang='lat' dir='ltr'><strong>in</strong></span> 
     </span>
     <span class='ocr_line' id='line_1_3' title="bbox 181 385 1286 451; baseline 0.002 -17"><span class='ocrx_word' id='word_1_17' title='bbox 181 393 330 436; x_wconf 91' lang='lat' dir='ltr'><strong>tecto</strong></span> <span class='ocrx_word' id='word_1_18' title='bbox 359 385 474 446; x_wconf 87' lang='lat' dir='ltr'><strong>viti,</strong></span> <span class='ocrx_word' id='word_1_19' title='bbox 510 394 695 436; x_wconf 89' lang='lat' dir='ltr'><strong>cetera</strong></span> <span class='ocrx_word' id='word_1_20' title='bbox 725 385 859 434; x_wconf 92' lang='lat' dir='ltr'><strong>mihi</strong></span> <span class='ocrx_word' id='word_1_21' title='bbox 890 387 1286 451; x_wconf 86' lang='lat' dir='ltr'><strong>probabuntur.</strong></span> 
     </span>
    </p>
   </div>
   <div class='ocr_carea' id='block_1_3' title="bbox 680 644 1425 713">
    <p class='ocr_par' dir='ltr' id='par_1_3' title="bbox 680 644 1425 713">
     <span class='ocr_line' id='line_1_4' title="bbox 680 644 1425 713; baseline 0.003 -19"><span class='ocrx_word' id='word_1_22' title='bbox 680 644 955 695; x_wconf 87' lang='lat' dir='ltr'><strong>LXVIII.</strong></span> <span class='ocrx_word' id='word_1_23' title='bbox 1019 645 1154 713; x_wconf 74' lang='lat' dir='ltr'><strong>(All.</strong></span> <span class='ocrx_word' id='word_1_24' title='bbox 1201 660 1279 695; x_wconf 85' lang='lat'><strong>12.</strong></span> <span class='ocrx_word' id='word_1_25' title='bbox 1322 647 1425 713; x_wconf 91' lang='lat'><strong>11.)</strong></span> 
     </span>
    </p>
   </div>
   <div class='ocr_carea' id='block_1_4' title="bbox 720 804 1394 843">
    <p class='ocr_par' dir='ltr' id='par_1_4' title="bbox 720 804 1394 843">
     <span class='ocr_line' id='line_1_5' title="bbox 720 804 1394 843; baseline 0.003 -2"><span class='ocrx_word' id='word_1_26' title='bbox 720 804 950 843; x_wconf 89' lang='lat' dir='ltr'><strong>CICERO</strong></span> <span class='ocrx_word' id='word_1_27' title='bbox 992 805 1225 842; x_wconf 88' lang='lat' dir='ltr'><strong>ATTICO</strong></span> <span class='ocrx_word' id='word_1_28' title='bbox 1270 805 1394 843; x_wconf 90' lang='lat' dir='ltr'>SAL.</span> 
     </span>
    </p>
   </div>
   <div class='ocr_carea' id='block_1_5' title="bbox 182 928 1927 1630">
    <p class='ocr_par' dir='ltr' id='par_1_5' title="bbox 182 928 1927 1630">
     <span class='ocr_line' id='line_1_6' title="bbox 260 928 1920 992; baseline 0.003 -14"><span class='ocrx_word' id='word_1_29' title='bbox 260 928 408 979; x_wconf 90' lang='lat' dir='ltr'><strong>Male</strong></span> <span class='ocrx_word' id='word_1_30' title='bbox 437 929 506 979; x_wconf 91' lang='lat' dir='ltr'><strong>de</strong></span> <span class='ocrx_word' id='word_1_31' title='bbox 531 928 686 992; x_wconf 85' lang='lat' dir='ltr'><strong>Seio;</strong></span> <span class='ocrx_word' id='word_1_32' title='bbox 729 930 826 979; x_wconf 90' lang='lat' dir='ltr'><strong>sed</strong></span> <span class='ocrx_word' id='word_1_33' title='bbox 850 929 1035 980; x_wconf 90' lang='lat' dir='ltr'><strong>omnia</strong></span> <span class='ocrx_word' id='word_1_34' title='bbox 1057 929 1300 980; x_wconf 90' lang='lat' dir='ltr'><strong>humana</strong></span> <span class='ocrx_word' id='word_1_35' title='bbox 1324 929 1633 981; x_wconf 76' lang='lat' dir='ltr'>tolerabilia</span> <span class='ocrx_word' id='word_1_36' title='bbox 1654 931 1920 984; x_wconf 88' lang='lat' dir='ltr'><strong>ducenda.</strong></span> 
     </span>
     <span class='ocr_line' id='line_1_7' title="bbox 185 1018 1924 1086; baseline 0.001 -16"><span class='ocrx_word' id='word_1_37' title='bbox 185 1018 299 1085; x_wconf 91' lang='lat' dir='ltr'><strong>Ipsi</strong></span> <span class='ocrx_word' id='word_1_38' title='bbox 322 1019 470 1069; x_wconf 91' lang='lat' dir='ltr'><strong>enim</strong></span> <span class='ocrx_word' id='word_1_39' title='bbox 494 1019 625 1086; x_wconf 87' lang='lat' dir='ltr'><strong>quid</strong></span> <span class='ocrx_word' id='word_1_40' title='bbox 649 1036 841 1070; x_wconf 91' lang='lat' dir='ltr'><strong>sumus</strong></span> <span class='ocrx_word' id='word_1_41' title='bbox 865 1027 960 1070; x_wconf 90' lang='lat' dir='ltr'><strong>aut</strong></span> <span class='ocrx_word' id='word_1_42' title='bbox 984 1019 1246 1086; x_wconf 76' lang='lat' dir='ltr'>quamdiu</span> <span class='ocrx_word' id='word_1_43' title='bbox 1270 1019 1406 1071; x_wconf 91' lang='lat' dir='ltr'><strong>haec</strong></span> <span class='ocrx_word' id='word_1_44' title='bbox 1430 1020 1674 1071; x_wconf 89' lang='lat' dir='ltr'><strong>curaturi</strong></span> <span class='ocrx_word' id='word_1_45' title='bbox 1698 1022 1924 1072; x_wconf 88' lang='lat' dir='ltr'><strong>sumus?</strong></span> 
     </span>
     <span class='ocr_line' id='line_1_8' title="bbox 184 1109 1925 1176; baseline 0.002 -17"><span class='ocrx_word' id='word_1_46' title='bbox 184 1110 267 1160; x_wconf 90' lang='lat' dir='ltr'><strong>Ea</strong></span> <span class='ocrx_word' id='word_1_47' title='bbox 295 1110 578 1160; x_wconf 85' lang='lat' dir='ltr'><strong>videamus</strong></span> <span class='ocrx_word' id='word_1_48' title='bbox 608 1126 749 1176; x_wconf 88' lang='lat' dir='ltr'><strong>quae</strong></span> <span class='ocrx_word' id='word_1_49' title='bbox 786 1110 854 1160; x_wconf 86' lang='lat' dir='ltr'><strong>ad</strong></span> <span class='ocrx_word' id='word_1_50' title='bbox 897 1127 997 1160; x_wconf 91' lang='lat' dir='ltr'><strong>nos</strong></span> <span class='ocrx_word' id='word_1_51' title='bbox 1041 1109 1218 1176; x_wconf 90' lang='lat' dir='ltr'><strong>magis</strong></span> <span class='ocrx_word' id='word_1_52' title='bbox 1262 1109 1563 1176; x_wconf 78' lang='lat' dir='ltr'><strong>pertinent,</strong></span> <span class='ocrx_word' id='word_1_53' title='bbox 1596 1127 1699 1162; x_wconf 92' lang='lat' dir='ltr'><strong>nec</strong></span> <span class='ocrx_word' id='word_1_54' title='bbox 1737 1118 1925 1162; x_wconf 92' lang='lat' dir='ltr'><strong>tamen</strong></span> 
     </span>
     <span class='ocr_line' id='line_1_9' title="bbox 182 1199 1926 1268; baseline 0.002 -18"><span class='ocrx_word' id='word_1_55' title='bbox 182 1200 383 1251; x_wconf 91' lang='lat' dir='ltr'><strong>multo:</strong></span> <span class='ocrx_word' id='word_1_56' title='bbox 425 1199 557 1267; x_wconf 87' lang='lat' dir='ltr'><strong>quid</strong></span> <span class='ocrx_word' id='word_1_57' title='bbox 586 1217 815 1267; x_wconf 89' lang='lat' dir='ltr'><strong>agamus</strong></span> <span class='ocrx_word' id='word_1_58' title='bbox 854 1201 921 1250; x_wconf 91' lang='lat' dir='ltr'><strong>de</strong></span> <span class='ocrx_word' id='word_1_59' title='bbox 961 1208 1177 1251; x_wconf 89' lang='lat' dir='ltr'><strong>senatu.</strong></span> <span class='ocrx_word' id='word_1_60' title='bbox 1261 1201 1351 1261; x_wconf 89' lang='lat' dir='ltr'><strong>Et,</strong></span> <span class='ocrx_word' id='word_1_61' title='bbox 1385 1207 1447 1251; x_wconf 94' lang='lat' dir='ltr'><strong>ut</strong></span> <span class='ocrx_word' id='word_1_62' title='bbox 1489 1217 1560 1252; x_wconf 92' lang='lat' dir='ltr'><strong>ne</strong></span> <span class='ocrx_word' id='word_1_63' title='bbox 1602 1200 1734 1268; x_wconf 90' lang='lat' dir='ltr'><strong>quid</strong></span> <span class='ocrx_word' id='word_1_64' title='bbox 1775 1218 1926 1268; x_wconf 89' lang='lat' dir='ltr'><strong>prae-</strong></span> 
     </span>
     <span class='ocr_line' id='line_1_10' title="bbox 182 1290 1924 1353; baseline 0.002 -13"><span class='ocrx_word' id='word_1_65' title='bbox 182 1290 504 1351; x_wconf 87' lang='lat' dir='ltr'><strong>termittam,</strong></span> <span class='ocrx_word' id='word_1_66' title='bbox 541 1290 848 1341; x_wconf 77' lang='lat' dir='ltr'><strong>Caesonius</strong></span> <span class='ocrx_word' id='word_1_67' title='bbox 890 1292 958 1342; x_wconf 81' lang='lat' dir='ltr'><strong>ad</strong></span> <span class='ocrx_word' id='word_1_68' title='bbox 1001 1308 1089 1342; x_wconf 93' lang='lat' dir='ltr'><strong>me</strong></span> <span class='ocrx_word' id='word_1_69' title='bbox 1123 1290 1338 1342; x_wconf 75' lang='lat' dir='ltr'><strong>litteras</strong></span> <span class='ocrx_word' id='word_1_70' title='bbox 1381 1291 1548 1353; x_wconf 88' lang='lat' dir='ltr'><strong>misit,</strong></span> <span class='ocrx_word' id='word_1_71' title='bbox 1583 1291 1924 1343; x_wconf 78' lang='lat' dir='ltr'><strong>Postumiam</strong></span> 
     </span>
     <span class='ocr_line' id='line_1_11' title="bbox 185 1381 1927 1449; baseline 0.001 -16"><span class='ocrx_word' id='word_1_72' title='bbox 185 1381 398 1447; x_wconf 86' lang='lat' dir='ltr'><strong>Sulpici</strong></span> <span class='ocrx_word' id='word_1_73' title='bbox 426 1381 650 1431; x_wconf 88' lang='lat' dir='ltr'><strong>domum</strong></span> <span class='ocrx_word' id='word_1_74' title='bbox 680 1382 747 1431; x_wconf 88' lang='lat' dir='ltr'><strong>ad</strong></span> <span class='ocrx_word' id='word_1_75' title='bbox 778 1398 838 1432; x_wconf 92' lang='lat' dir='ltr'><strong>se</strong></span> <span class='ocrx_word' id='word_1_76' title='bbox 866 1381 1103 1434; x_wconf 88' lang='lat' dir='ltr'><strong>venisse.</strong></span> <span class='ocrx_word' id='word_1_77' title='bbox 1190 1381 1278 1432; x_wconf 93' lang='lat' dir='ltr'><strong>De</strong></span> <span class='ocrx_word' id='word_1_78' title='bbox 1316 1381 1543 1449; x_wconf 89' lang='lat' dir='ltr'><strong>Pompei</strong></span> <span class='ocrx_word' id='word_1_79' title='bbox 1587 1381 1780 1449; x_wconf 85' lang='lat' dir='ltr'><strong>Magni</strong></span> <span class='ocrx_word' id='word_1_80' title='bbox 1815 1382 1927 1434; x_wconf 90' lang='lat' dir='ltr'><strong>filia</strong></span> 
     </span>
     <span class='ocr_line' id='line_1_12' title="bbox 182 1471 1923 1540; baseline 0.001 -18"><span class='ocrx_word' id='word_1_81' title='bbox 182 1471 284 1522; x_wconf 90' lang='lat' dir='ltr'><strong>tibi</strong></span> <span class='ocrx_word' id='word_1_82' title='bbox 322 1471 582 1537; x_wconf 86' lang='lat' dir='ltr'><strong>rescripsi</strong></span> <span class='ocrx_word' id='word_1_83' title='bbox 616 1471 752 1521; x_wconf 89' lang='lat' dir='ltr'><strong>nihil</strong></span> <span class='ocrx_word' id='word_1_84' title='bbox 782 1489 871 1522; x_wconf 91' lang='lat' dir='ltr'><strong>me</strong></span> <span class='ocrx_word' id='word_1_85' title='bbox 900 1472 1004 1523; x_wconf 92' lang='lat' dir='ltr'><strong>hoc</strong></span> <span class='ocrx_word' id='word_1_86' title='bbox 1044 1479 1295 1539; x_wconf 91' lang='lat' dir='ltr'><strong>tempore</strong></span> <span class='ocrx_word' id='word_1_87' title='bbox 1325 1472 1584 1540; x_wconf 86' lang='lat' dir='ltr'><strong>cogitare.</strong></span> <span class='ocrx_word' id='word_1_88' title='bbox 1670 1471 1923 1523; x_wconf 87' lang='lat' dir='ltr'><strong>Alteram</strong></span> 
     </span>
     <span class='ocr_line' id='line_1_13' title="bbox 182 1562 1926 1630; baseline 0.001 -18"><span class='ocrx_word' id='word_1_89' title='bbox 182 1579 312 1613; x_wconf 87' lang='lat' dir='ltr'><strong>vero</strong></span> <span class='ocrx_word' id='word_1_90' title='bbox 350 1562 497 1612; x_wconf 88' lang='lat' dir='ltr'><strong>illam</strong></span> <span class='ocrx_word' id='word_1_91' title='bbox 537 1580 699 1629; x_wconf 87' lang='lat' dir='ltr'><strong>quam</strong></span> <span class='ocrx_word' id='word_1_92' title='bbox 740 1571 802 1613; x_wconf 94' lang='lat' dir='ltr'><strong>tu</strong></span> <span class='ocrx_word' id='word_1_93' title='bbox 845 1563 1058 1624; x_wconf 83' lang='lat' dir='ltr'><strong>scribiS,</strong></span> <span class='ocrx_word' id='word_1_94' title='bbox 1092 1571 1241 1630; x_wconf 90' lang='lat' dir='ltr'><strong>put0‚</strong></span> <span class='ocrx_word' id='word_1_95' title='bbox 1280 1563 1453 1614; x_wconf 88' lang='lat' dir='ltr'><strong>nosti:</strong></span> <span class='ocrx_word' id='word_1_96' title='bbox 1496 1563 1634 1614; x_wconf 89' lang='lat' dir='ltr'><strong>nihil</strong></span> <span class='ocrx_word' id='word_1_97' title='bbox 1668 1562 1779 1614; x_wconf 87' lang='lat' dir='ltr'><strong>vidi</strong></span> <span class='ocrx_word' id='word_1_98' title='bbox 1814 1562 1926 1614; x_wconf 83' lang='lat' dir='ltr'><strong>foe-</strong></span> 
     </span>
    </p>
   </div>
   <div class='ocr_carea' id='block_1_6' title="bbox 185 1652 322 1703">
    <p class='ocr_par' dir='ltr' id='par_1_6' title="bbox 185 1652 322 1703">
     <span class='ocr_line' id='line_1_14' title="bbox 185 1652 322 1703; baseline 0.007 -1"><span class='ocrx_word' id='word_1_99' title='bbox 185 1652 322 1703; x_wconf 81' lang='lat' dir='ltr'><strong>dius,</strong></span> 
     </span>
    </p>
   </div>
   <div class='ocr_carea' id='block_1_7' title="bbox 184 1812 1016 3131">
    <p class='ocr_par' dir='ltr' id='par_1_7' title="bbox 184 1812 1012 2029">
     <span class='ocr_line' id='line_1_15' title="bbox 241 1812 1010 1858; baseline 0 -8"><span class='ocrx_word' id='word_1_100' title='bbox 241 1812 454 1850; x_wconf 89' lang='lat' dir='ltr'><strong>LXVIII.</strong></span> <span class='ocrx_word' id='word_1_101' title='bbox 487 1812 739 1858; x_wconf 89' lang='lat' dir='ltr'><strong>Tusculum,</strong></span> <span class='ocrx_word' id='word_1_102' title='bbox 761 1812 923 1851; x_wconf 89' lang='lat' dir='ltr'><strong>second</strong></span> <span class='ocrx_word' id='word_1_103' title='bbox 952 1813 1010 1850; x_wconf 93' lang='lat' dir='ltr'><strong>in-</strong></span> 
     </span>
     <span class='ocr_line' id='line_1_16' title="bbox 184 1867 1012 1919; baseline 0.001 -13"><span class='ocrx_word' id='word_1_104' title='bbox 184 1869 393 1919; x_wconf 85' lang='lat' dir='ltr'><strong>tercalary</strong></span> <span class='ocrx_word' id='word_1_105' title='bbox 432 1868 583 1906; x_wconf 91' lang='lat' dir='ltr'><strong>month</strong></span> <span class='ocrx_word' id='word_1_106' title='bbox 629 1867 740 1905; x_wconf 87' lang='lat' dir='ltr'><strong>after</strong></span> <span class='ocrx_word' id='word_1_107' title='bbox 789 1869 915 1913; x_wconf 89' lang='lat' dir='ltr'><strong>Nov.,</strong></span> <span class='ocrx_word' id='word_1_108' title='bbox 957 1867 1012 1916; x_wconf 82' lang='lat'><strong>46</strong></span> 
     </span>
     <span class='ocr_line' id='line_1_17' title="bbox 186 1922 1012 1973; baseline 0.001 -13"><span class='ocrx_word' id='word_1_109' title='bbox 186 1933 266 1961; x_wconf 85' lang='lat' dir='ltr'><strong>B.C.</strong></span> <span class='ocrx_word' id='word_1_110' title='bbox 288 1923 377 1969; x_wconf 88' lang='lat' dir='ltr'><strong>(old</strong></span> <span class='ocrx_word' id='word_1_111' title='bbox 398 1922 638 1973; x_wconf 88' lang='lat' dir='ltr'><strong>calendar);</strong></span> <span class='ocrx_word' id='word_1_112' title='bbox 671 1923 804 1961; x_wconf 86' lang='lat' dir='ltr'><strong>about</strong></span> <span class='ocrx_word' id='word_1_113' title='bbox 828 1924 940 1961; x_wconf 87' lang='lat' dir='ltr'><strong>Nov.</strong></span> <span class='ocrx_word' id='word_1_114' title='bbox 961 1935 1012 1972; x_wconf 86' lang='lat'><strong>24</strong></span> 
     </span>
     <span class='ocr_line' id='line_1_18' title="bbox 189 1977 598 2029; baseline -0.002 -13"><span class='ocrx_word' id='word_1_115' title='bbox 189 1979 349 2029; x_wconf 90' lang='lat' dir='ltr'><strong>(Julian</strong></span> <span class='ocrx_word' id='word_1_116' title='bbox 365 1977 598 2028; x_wconf 85' lang='lat' dir='ltr'><strong>calendar).</strong></span> 
     </span>
    </p>

    <p class='ocr_par' dir='ltr' id='par_1_8' title="bbox 186 2033 1016 3131">
     <span class='ocr_line' id='line_1_19' title="bbox 241 2033 1009 2085; baseline -0.001 -13"><span class='ocrx_word' id='word_1_117' title='bbox 241 2033 364 2072; x_wconf 82' lang='lat' dir='ltr'><strong>male</strong></span> <span class='ocrx_word' id='word_1_118' title='bbox 380 2034 438 2071; x_wconf 88' lang='lat' dir='ltr'><strong>de</strong></span> <span class='ocrx_word' id='word_1_119' title='bbox 457 2034 567 2073; x_wconf 88' lang='lat' dir='ltr'><strong>Seio</strong></span> <span class='ocrx_word' id='word_1_120' title='bbox 584 2049 592 2072; x_wconf 78' lang='lat' dir='ltr'><em>z</em></span> <span class='ocrx_word' id='word_1_121' title='bbox 625 2035 734 2071; x_wconf 80' lang='lat' dir='ltr'><strong>male</strong></span> <span class='ocrx_word' id='word_1_122' title='bbox 747 2033 832 2072; x_wconf 86' lang='lat' dir='ltr'><strong>and</strong></span> <span class='ocrx_word' id='word_1_123' title='bbox 841 2035 1009 2085; x_wconf 80' lang='lat' dir='ltr'><strong>factum</strong></span> 
     </span>
     <span class='ocr_line' id='line_1_20' title="bbox 186 2089 1012 2127; baseline 0.001 -1"><span class='ocrx_word' id='word_1_124' title='bbox 186 2091 294 2127; x_wconf 76' lang='lat' dir='ltr'><strong>male</strong></span> <span class='ocrx_word' id='word_1_125' title='bbox 305 2102 412 2127; x_wconf 85' lang='lat' dir='ltr'><strong>were</strong></span> <span class='ocrx_word' id='word_1_126' title='bbox 421 2089 634 2127; x_wconf 89' lang='lat' dir='ltr'><strong>formulae</strong></span> <span class='ocrx_word' id='word_1_127' title='bbox 651 2089 755 2127; x_wconf 89' lang='lat' dir='ltr'><strong>used</strong></span> <span class='ocrx_word' id='word_1_128' title='bbox 770 2089 817 2126; x_wconf 90' lang='lat' dir='ltr'><strong>of</strong></span> <span class='ocrx_word' id='word_1_129' title='bbox 833 2102 857 2127; x_wconf 92' lang='lat' dir='ltr'><strong>a</strong></span> <span class='ocrx_word' id='word_1_130' title='bbox 872 2089 1012 2127; x_wconf 84' lang='lat' dir='ltr'><strong>friend</strong></span> 
     </span>
     <span class='ocr_line' id='line_1_21' title="bbox 187 2143 1012 2196; baseline 0 -14"><span class='ocrx_word' id='word_1_131' title='bbox 187 2145 373 2196; x_wconf 89' lang='lat' dir='ltr'><strong>recently</strong></span> <span class='ocrx_word' id='word_1_132' title='bbox 386 2143 606 2183; x_wconf 88' lang='lat' dir='ltr'><strong>deceased.</strong></span> <span class='ocrx_word' id='word_1_133' title='bbox 659 2144 725 2182; x_wconf 90' lang='lat' dir='ltr'><strong>Cf.</strong></span> <span class='ocrx_word' id='word_1_134' title='bbox 744 2146 829 2182; x_wconf 81' lang='lat' dir='ltr'><strong>Att.</strong></span> <span class='ocrx_word' id='word_1_135' title='bbox 853 2155 913 2196; x_wconf 86' lang='lat'><strong>15.</strong></span> <span class='ocrx_word' id='word_1_136' title='bbox 936 2156 950 2182; x_wconf 92' lang='lat'>1</span> <span class='ocrx_word' id='word_1_137' title='bbox 971 2156 1012 2183; x_wconf 84' lang='lat' dir='ltr'><strong>A.</strong></span> 
     </span>
     <span class='ocr_line' id='line_1_22' title="bbox 192 2201 1011 2252; baseline 0 -15"><span class='ocrx_word' id='word_1_138' title='bbox 192 2212 206 2238; x_wconf 94' lang='lat'>1</span> <span class='ocrx_word' id='word_1_139' title='bbox 237 2201 442 2252; x_wconf 74' lang='lat' dir='ltr'><strong>Ofactum</strong></span> <span class='ocrx_word' id='word_1_140' title='bbox 466 2201 577 2238; x_wconf 80' lang='lat' dir='ltr'><strong>male</strong></span> <span class='ocrx_word' id='word_1_141' title='bbox 592 2201 641 2238; x_wconf 82' lang='lat' dir='ltr'><strong>de</strong></span> <span class='ocrx_word' id='word_1_142' title='bbox 656 2201 863 2238; x_wconf 73' lang='lat' dir='ltr'><strong>Alexione</strong></span> <span class='ocrx_word' id='word_1_143' title='bbox 874 2213 892 2246; x_wconf 85' lang='lat'><strong>,·</strong></span> <span class='ocrx_word' id='word_1_144' title='bbox 923 2202 960 2237; x_wconf 82' lang='lat' dir='ltr'><em>A</em></span> <span class='ocrx_word' id='word_1_145' title='bbox 967 2205 1011 2238; x_wconf 83' lang='lat' dir='ltr'><strong>tt.</strong></span> 
     </span>
     <span class='ocr_line' id='line_1_23' title="bbox 191 2256 1014 2294; baseline 0.002 -2"><span class='ocrx_word' id='word_1_146' title='bbox 191 2267 252 2293; x_wconf 86' lang='lat'><strong>12.</strong></span> <span class='ocrx_word' id='word_1_147' title='bbox 293 2267 341 2294; x_wconf 92' lang='lat'><strong>10</strong></span> <span class='ocrx_word' id='word_1_148' title='bbox 385 2257 497 2293; x_wconf 77' lang='lat' dir='ltr'><strong>male</strong></span> <span class='ocrx_word' id='word_1_149' title='bbox 535 2256 766 2294; x_wconf 68' lang='lat' dir='ltr'><strong>mehercule</strong></span> <span class='ocrx_word' id='word_1_150' title='bbox 800 2257 848 2293; x_wconf 82' lang='lat' dir='ltr'><strong>de</strong></span> <span class='ocrx_word' id='word_1_151' title='bbox 882 2256 1014 2294; x_wconf 80' lang='lat' dir='ltr'><strong>Atlza-</strong></span> 
     </span>
     <span class='ocr_line' id='line_1_24' title="bbox 187 2311 1011 2356; baseline -0.002 -6"><span class='ocrx_word' id='word_1_152' title='bbox 187 2317 338 2350; x_wconf 72' lang='lat' dir='ltr'><strong>manle.</strong></span> <span class='ocrx_word' id='word_1_153' title='bbox 400 2311 467 2349; x_wconf 91' lang='lat' dir='ltr'><strong>Cf.</strong></span> <span class='ocrx_word' id='word_1_154' title='bbox 499 2311 591 2349; x_wconf 91' lang='lat' dir='ltr'><strong>also</strong></span> <span class='ocrx_word' id='word_1_155' title='bbox 624 2311 835 2356; x_wconf 85' lang='lat' dir='ltr'><strong>Catullus,</strong></span> <span class='ocrx_word' id='word_1_156' title='bbox 869 2313 1011 2349; x_wconf 74' lang='lat' dir='ltr'><strong>Carm.</strong></span> 
     </span>
     <span class='ocr_line' id='line_1_25' title="bbox 190 2366 1014 2418; baseline 0 -15"><span class='ocrx_word' id='word_1_157' title='bbox 190 2378 224 2417; x_wconf 88' lang='lat'><strong>3.</strong></span> <span class='ocrx_word' id='word_1_158' title='bbox 248 2366 296 2405; x_wconf 85' lang='lat'><strong>16</strong></span> <span class='ocrx_word' id='word_1_159' title='bbox 317 2367 526 2418; x_wconf 79' lang='lat' dir='ltr'><strong>Ofactum</strong></span> <span class='ocrx_word' id='word_1_160' title='bbox 551 2368 673 2411; x_wconf 77' lang='lat' dir='ltr'><strong>male,</strong></span> <span class='ocrx_word' id='word_1_161' title='bbox 696 2367 731 2404; x_wconf 88' lang='lat' dir='ltr'><em>O</em></span> <span class='ocrx_word' id='word_1_162' title='bbox 747 2368 905 2405; x_wconf 78' lang='lat' dir='ltr'><strong>miselle</strong></span> <span class='ocrx_word' id='word_1_163' title='bbox 916 2373 1014 2416; x_wconf 73' lang='lat' dir='ltr'><strong>pas-</strong></span> 
     </span>
     <span class='ocr_line' id='line_1_26' title="bbox 191 2422 1010 2472; baseline 0 -13"><span class='ocrx_word' id='word_1_164' title='bbox 191 2435 254 2460; x_wconf 81' lang='lat' dir='ltr'><strong>ser</strong></span> <span class='ocrx_word' id='word_1_165' title='bbox 266 2435 284 2468; x_wconf 86' lang='lat'><strong>,·</strong></span> <span class='ocrx_word' id='word_1_166' title='bbox 316 2423 412 2460; x_wconf 89' lang='lat' dir='ltr'><strong>Ter.</strong></span> <span class='ocrx_word' id='word_1_167' title='bbox 428 2422 605 2460; x_wconf 70' lang='lat' dir='ltr'><strong>phorm.</strong></span> <span class='ocrx_word' id='word_1_168' title='bbox 625 2433 645 2470; x_wconf 92' lang='lat'><strong><em>7</em></strong></span> <span class='ocrx_word' id='word_1_169' title='bbox 656 2433 698 2472; x_wconf 83' lang='lat'><strong>51</strong></span> <span class='ocrx_word' id='word_1_170' title='bbox 717 2422 1010 2472; x_wconf 76' lang='lat' dir='ltr'><strong>malefactum.</strong></span> 
     </span>
     <span class='ocr_line' id='line_1_27' title="bbox 191 2477 1013 2529; baseline 0.001 -14"><span class='ocrx_word' id='word_1_171' title='bbox 191 2477 249 2515; x_wconf 87' lang='lat' dir='ltr'><strong>Of</strong></span> <span class='ocrx_word' id='word_1_172' title='bbox 269 2490 294 2515; x_wconf 86' lang='lat' dir='ltr'><strong>a</strong></span> <span class='ocrx_word' id='word_1_173' title='bbox 314 2477 469 2529; x_wconf 86' lang='lat' dir='ltr'><strong>joyous</strong></span> <span class='ocrx_word' id='word_1_174' title='bbox 491 2483 616 2515; x_wconf 89' lang='lat' dir='ltr'><strong>event</strong></span> <span class='ocrx_word' id='word_1_175' title='bbox 625 2478 793 2527; x_wconf 82' lang='lat' dir='ltr'><strong>factum</strong></span> <span class='ocrx_word' id='word_1_176' title='bbox 817 2477 912 2514; x_wconf 72' lang='lat' dir='ltr'><strong>bene</strong></span> <span class='ocrx_word' id='word_1_177' title='bbox 929 2490 1013 2516; x_wconf 86' lang='lat' dir='ltr'><strong>was</strong></span> 
     </span>
     <span class='ocr_line' id='line_1_28' title="bbox 191 2532 1013 2583; baseline 0.001 -13"><span class='ocrx_word' id='word_1_178' title='bbox 191 2532 320 2577; x_wconf 89' lang='lat' dir='ltr'><strong>used;</strong></span> <span class='ocrx_word' id='word_1_179' title='bbox 343 2532 394 2570; x_wconf 85' lang='lat' dir='ltr'><strong>cf.</strong></span> <span class='ocrx_word' id='word_1_180' title='bbox 414 2533 509 2570; x_wconf 89' lang='lat' dir='ltr'><strong>Ter.</strong></span> <span class='ocrx_word' id='word_1_181' title='bbox 526 2533 640 2570; x_wconf 83' lang='lat' dir='ltr'><strong>And.</strong></span> <span class='ocrx_word' id='word_1_182' title='bbox 661 2543 751 2583; x_wconf 83' lang='lat'><strong>975.</strong></span> <span class='ocrx_word' id='word_1_183' title='bbox 801 2533 858 2570; x_wconf 93' lang='lat' dir='ltr'><strong>M.</strong></span> <span class='ocrx_word' id='word_1_184' title='bbox 878 2533 1013 2578; x_wconf 88' lang='lat' dir='ltr'><strong>Seius,</strong></span> 
     </span>
     <span class='ocr_line' id='line_1_29' title="bbox 190 2587 1013 2637; baseline 0.001 -12"><span class='ocrx_word' id='word_1_185' title='bbox 190 2600 214 2625; x_wconf 91' lang='lat' dir='ltr'><strong>a</strong></span> <span class='ocrx_word' id='word_1_186' title='bbox 245 2589 415 2625; x_wconf 87' lang='lat' dir='ltr'><strong>Roman</strong></span> <span class='ocrx_word' id='word_1_187' title='bbox 447 2587 615 2637; x_wconf 87' lang='lat' dir='ltr'><strong>knight‚</strong></span> <span class='ocrx_word' id='word_1_188' title='bbox 638 2600 725 2626; x_wconf 76' lang='lat' dir='ltr'><strong>was</strong></span> <span class='ocrx_word' id='word_1_189' title='bbox 756 2600 782 2625; x_wconf 85' lang='lat' dir='ltr'><strong>a</strong></span> <span class='ocrx_word' id='word_1_190' title='bbox 811 2600 1013 2626; x_wconf 90' lang='lat' dir='ltr'><strong>common</strong></span> 
     </span>
     <span class='ocr_line' id='line_1_30' title="bbox 190 2642 1013 2682; baseline 0.001 -2"><span class='ocrx_word' id='word_1_191' title='bbox 190 2642 327 2681; x_wconf 82' lang='lat' dir='ltr'><strong>friend</strong></span> <span class='ocrx_word' id='word_1_192' title='bbox 349 2642 395 2680; x_wconf 84' lang='lat' dir='ltr'><strong>of</strong></span> <span class='ocrx_word' id='word_1_193' title='bbox 426 2643 577 2680; x_wconf 84' lang='lat' dir='ltr'><strong>Cicero</strong></span> <span class='ocrx_word' id='word_1_194' title='bbox 600 2642 684 2680; x_wconf 90' lang='lat' dir='ltr'><strong>and</strong></span> <span class='ocrx_word' id='word_1_195' title='bbox 707 2643 891 2682; x_wconf 85' lang='lat' dir='ltr'><strong>Atticus.</strong></span> <span class='ocrx_word' id='word_1_196' title='bbox 944 2644 1013 2681; x_wconf 92' lang='lat' dir='ltr'><strong>On</strong></span> 
     </span>
     <span class='ocr_line' id='line_1_31' title="bbox 191 2698 1012 2750; baseline 0 -15"><span class='ocrx_word' id='word_1_197' title='bbox 191 2698 291 2743; x_wconf 88' lang='lat' dir='ltr'><strong>him,</strong></span> <span class='ocrx_word' id='word_1_198' title='bbox 323 2698 376 2736; x_wconf 91' lang='lat' dir='ltr'><strong>cf.</strong></span> <span class='ocrx_word' id='word_1_199' title='bbox 409 2698 496 2736; x_wconf 89' lang='lat' dir='ltr'><strong>Cic.</strong></span> <span class='ocrx_word' id='word_1_200' title='bbox 532 2699 580 2736; x_wconf 83' lang='lat' dir='ltr'><strong>de</strong></span> <span class='ocrx_word' id='word_1_201' title='bbox 619 2698 697 2748; x_wconf 82' lang='lat' dir='ltr'><strong>Off</strong></span> <span class='ocrx_word' id='word_1_202' title='bbox 734 2710 768 2736; x_wconf 87' lang='lat'><strong>2.</strong></span> <span class='ocrx_word' id='word_1_203' title='bbox 805 2698 872 2750; x_wconf 83' lang='lat'><strong>58;</strong></span> <span class='ocrx_word' id='word_1_204' title='bbox 907 2699 1012 2736; x_wconf 89' lang='lat' dir='ltr'><strong>Plin.</strong></span> 
     </span>
     <span class='ocr_line' id='line_1_32' title="bbox 192 2753 1012 2805; baseline -0.001 -14"><span class='ocrx_word' id='word_1_205' title='bbox 192 2755 310 2791; x_wconf 70' lang='lat' dir='ltr'><strong>NH.</strong></span> <span class='ocrx_word' id='word_1_206' title='bbox 334 2765 515 2805; x_wconf 83' lang='lat'><strong>15.1.-</strong></span> <span class='ocrx_word' id='word_1_207' title='bbox 530 2754 822 2792; x_wconf 89' lang='lat' dir='ltr'><strong>Caesonius:</strong></span> <span class='ocrx_word' id='word_1_208' title='bbox 847 2753 915 2792; x_wconf 85' lang='lat' dir='ltr'><strong>Cf.</strong></span> <span class='ocrx_word' id='word_1_209' title='bbox 936 2755 1012 2804; x_wconf 90' lang='lat' dir='ltr'><strong>Ep.</strong></span> 
     </span>
     <span class='ocr_line' id='line_1_33' title="bbox 194 2809 1012 2859; baseline 0.001 -14"><span class='ocrx_word' id='word_1_210' title='bbox 194 2809 225 2845; x_wconf 89' lang='grc' dir='ltr'><strong>Ι.</strong></span> <span class='ocrx_word' id='word_1_211' title='bbox 253 2820 267 2846; x_wconf 95' lang='lat'>1</span> <span class='ocrx_word' id='word_1_212' title='bbox 296 2822 335 2846; x_wconf 90' lang='lat' dir='ltr'><strong>n.</strong></span> <span class='ocrx_word' id='word_1_213' title='bbox 350 2832 406 2836; x_wconf 94' lang='grc'><strong>--</strong></span> <span class='ocrx_word' id='word_1_214' title='bbox 421 2809 722 2848; x_wconf 88' lang='lat' dir='ltr'><strong>Postumiam</strong></span> <span class='ocrx_word' id='word_1_215' title='bbox 744 2809 923 2859; x_wconf 90' lang='lat' dir='ltr'><strong>Sulpici</strong></span> <span class='ocrx_word' id='word_1_216' title='bbox 944 2810 1012 2859; x_wconf 84' lang='lat' dir='ltr'><strong>(sc.</strong></span> 
     </span>
     <span class='ocr_line' id='line_1_34' title="bbox 191 2863 1016 2914; baseline 0.001 -13"><span class='ocrx_word' id='word_1_217' title='bbox 191 2863 383 2914; x_wconf 74' lang='lat' dir='ltr'><strong>uxorem)</strong></span> <span class='ocrx_word' id='word_1_218' title='bbox 403 2878 411 2901; x_wconf 74' lang='grc' dir='ltr'>ε</span> <span class='ocrx_word' id='word_1_219' title='bbox 435 2864 506 2902; x_wconf 92' lang='lat' dir='ltr'><strong>the</strong></span> <span class='ocrx_word' id='word_1_220' title='bbox 525 2864 732 2902; x_wconf 86' lang='lat' dir='ltr'><strong>omission</strong></span> <span class='ocrx_word' id='word_1_221' title='bbox 751 2864 797 2902; x_wconf 84' lang='lat' dir='ltr'><strong>of</strong></span> <span class='ocrx_word' id='word_1_222' title='bbox 814 2864 952 2902; x_wconf 87' lang='lat' dir='ltr'><strong>words</strong></span> <span class='ocrx_word' id='word_1_223' title='bbox 971 2863 1016 2901; x_wconf 90' lang='lat' dir='ltr'><strong>of</strong></span> 
     </span>
     <span class='ocr_line' id='line_1_35' title="bbox 193 2918 1015 2970; baseline 0 -13"><span class='ocrx_word' id='word_1_224' title='bbox 193 2919 485 2970; x_wconf 88' lang='lat' dir='ltr'><strong>relationship,</strong></span> <span class='ocrx_word' id='word_1_225' title='bbox 509 2933 630 2965; x_wconf 75' lang='lat' dir='ltr'><strong>uxor,</strong></span> <span class='ocrx_word' id='word_1_226' title='bbox 640 2919 779 2969; x_wconf 82' lang='lat' dir='ltr'><strong>filius,</strong></span> <span class='ocrx_word' id='word_1_227' title='bbox 790 2920 891 2968; x_wconf 81' lang='lat' dir='ltr'><strong>filia</strong></span> <span class='ocrx_word' id='word_1_228' title='bbox 913 2918 1015 2970; x_wconf 88' lang='lat' dir='ltr'><strong>(and</strong></span> 
     </span>
     <span class='ocr_line' id='line_1_36' title="bbox 191 2975 1014 3026; baseline 0.001 -15"><span class='ocrx_word' id='word_1_229' title='bbox 191 2975 367 3025; x_wconf 77' lang='lat' dir='ltr'><strong>servus),</strong></span> <span class='ocrx_word' id='word_1_230' title='bbox 385 2975 420 3013; x_wconf 92' lang='lat' dir='ltr'><strong>is</strong></span> <span class='ocrx_word' id='word_1_231' title='bbox 438 2987 538 3026; x_wconf 90' lang='lat' dir='ltr'><strong>very</strong></span> <span class='ocrx_word' id='word_1_232' title='bbox 554 2987 646 3012; x_wconf 91' lang='lat' dir='ltr'><strong>rare</strong></span> <span class='ocrx_word' id='word_1_233' title='bbox 664 2975 705 3012; x_wconf 93' lang='lat' dir='ltr'><strong>in</strong></span> <span class='ocrx_word' id='word_1_234' title='bbox 731 2975 855 3012; x_wconf 88' lang='lat' dir='ltr'><strong>Latin</strong></span> <span class='ocrx_word' id='word_1_235' title='bbox 875 2987 1014 3024; x_wconf 90' lang='lat' dir='ltr'><strong>prose,</strong></span> 
     </span>
     <span class='ocr_line' id='line_1_37' title="bbox 193 3028 1016 3080; baseline 0 -14"><span class='ocrx_word' id='word_1_236' title='bbox 193 3028 276 3066; x_wconf 89' lang='lat' dir='ltr'><strong>and</strong></span> <span class='ocrx_word' id='word_1_237' title='bbox 307 3030 458 3067; x_wconf 91' lang='lat' dir='ltr'><strong>Cicero</strong></span> <span class='ocrx_word' id='word_1_238' title='bbox 481 3030 628 3067; x_wconf 84' lang='lat' dir='ltr'><strong>allows</strong></span> <span class='ocrx_word' id='word_1_239' title='bbox 649 3030 680 3067; x_wconf 91' lang='lat' dir='ltr'><strong>it</strong></span> <span class='ocrx_word' id='word_1_240' title='bbox 702 3029 888 3079; x_wconf 88' lang='lat' dir='ltr'><strong>perhaps</strong></span> <span class='ocrx_word' id='word_1_241' title='bbox 916 3030 1016 3080; x_wconf 88' lang='lat' dir='ltr'><strong>only</strong></span> 
     </span>
     <span class='ocr_line' id='line_1_38' title="bbox 193 3083 1015 3131; baseline 0.001 -11"><span class='ocrx_word' id='word_1_242' title='bbox 193 3083 234 3120; x_wconf 91' lang='lat' dir='ltr'><strong>in</strong></span> <span class='ocrx_word' id='word_1_243' title='bbox 265 3084 330 3122; x_wconf 89' lang='lat' dir='ltr'><strong>his</strong></span> <span class='ocrx_word' id='word_1_244' title='bbox 362 3084 512 3122; x_wconf 87' lang='lat' dir='ltr'><strong>earlier</strong></span> <span class='ocrx_word' id='word_1_245' title='bbox 533 3084 738 3131; x_wconf 82' lang='lat' dir='ltr'><strong>speeches</strong></span> <span class='ocrx_word' id='word_1_246' title='bbox 761 3084 845 3121; x_wconf 91' lang='lat' dir='ltr'><strong>and</strong></span> <span class='ocrx_word' id='word_1_247' title='bbox 872 3085 911 3121; x_wconf 90' lang='lat' dir='ltr'><strong>in</strong></span> <span class='ocrx_word' id='word_1_248' title='bbox 944 3084 1015 3122; x_wconf 91' lang='lat' dir='ltr'><strong>the</strong></span> 
     </span>
    </p>
   </div>
   <div class='ocr_carea' id='block_1_8' title="bbox 410 1651 1215 1719">
    <p class='ocr_par' dir='ltr' id='par_1_9' title="bbox 410 1651 1215 1719">
     <span class='ocr_line' id='line_1_39' title="bbox 410 1651 1215 1719; baseline 0.001 -16"><span class='ocrx_word' id='word_1_249' title='bbox 410 1651 521 1703; x_wconf 81' lang='lat' dir='ltr'><strong>Sed</strong></span> <span class='ocrx_word' id='word_1_250' title='bbox 550 1653 770 1714; x_wconf 90' lang='lat' dir='ltr'><strong>adsum;</strong></span> <span class='ocrx_word' id='word_1_251' title='bbox 814 1670 998 1704; x_wconf 90' lang='lat' dir='ltr'><strong>coram</strong></span> <span class='ocrx_word' id='word_1_252' title='bbox 1030 1653 1215 1719; x_wconf 85' lang='lat' dir='ltr'><strong>igitur.</strong></span> 
     </span>
    </p>
   </div>
   <div class='ocr_carea' id='block_1_9' title="bbox 1099 1813 1925 3134">
    <p class='ocr_par' dir='ltr' id='par_1_10' title="bbox 1099 1813 1925 3134">
     <span class='ocr_line' id='line_1_40' title="bbox 1100 1813 1922 1858; baseline -0.001 -7"><span class='ocrx_word' id='word_1_253' title='bbox 1100 1814 1281 1852; x_wconf 89' lang='lat' dir='ltr'><strong>Letters.</strong></span> <span class='ocrx_word' id='word_1_254' title='bbox 1343 1813 1423 1858; x_wconf 70' lang='lat' dir='ltr'><strong>Cf„</strong></span> <span class='ocrx_word' id='word_1_255' title='bbox 1445 1813 1514 1851; x_wconf 83' lang='lat' dir='ltr'><strong>for</strong></span> <span class='ocrx_word' id='word_1_256' title='bbox 1537 1813 1609 1851; x_wconf 88' lang='lat' dir='ltr'><strong>the</strong></span> <span class='ocrx_word' id='word_1_257' title='bbox 1633 1814 1812 1858; x_wconf 88' lang='lat' dir='ltr'><strong>Letters,</strong></span> <span class='ocrx_word' id='word_1_258' title='bbox 1836 1814 1922 1851; x_wconf 83' lang='lat' dir='ltr'><strong>Att.</strong></span> 
     </span>
     <span class='ocr_line' id='line_1_41' title="bbox 1103 1868 1922 1917; baseline 0 -12"><span class='ocrx_word' id='word_1_259' title='bbox 1103 1879 1163 1905; x_wconf 89' lang='lat'><strong>12.</strong></span> <span class='ocrx_word' id='word_1_260' title='bbox 1188 1879 1250 1906; x_wconf 89' lang='lat'><strong>20.</strong></span> <span class='ocrx_word' id='word_1_261' title='bbox 1279 1880 1299 1905; x_wconf 86' lang='lat'>2</span> <span class='ocrx_word' id='word_1_262' title='bbox 1323 1869 1530 1906; x_wconf 71' lang='lat' dir='ltr'><strong>Serviliae</strong></span> <span class='ocrx_word' id='word_1_263' title='bbox 1554 1869 1711 1907; x_wconf 81' lang='lat' dir='ltr'><strong>Claudi</strong></span> <span class='ocrx_word' id='word_1_264' title='bbox 1732 1868 1800 1917; x_wconf 83' lang='lat' dir='ltr'><strong>(sc.</strong></span> <span class='ocrx_word' id='word_1_265' title='bbox 1823 1881 1922 1906; x_wconf 76' lang='lat' dir='ltr'><strong>uxo-</strong></span> 
     </span>
     <span class='ocr_line' id='line_1_42' title="bbox 1099 1923 1921 1973; baseline 0 -13"><span class='ocrx_word' id='word_1_266' title='bbox 1099 1923 1177 1973; x_wconf 76' lang='lat' dir='ltr'><strong>ris)</strong></span> <span class='ocrx_word' id='word_1_267' title='bbox 1193 1929 1351 1973; x_wconf 63' lang='lat' dir='ltr'><strong>pate7‘,·</strong></span> <span class='ocrx_word' id='word_1_268' title='bbox 1373 1924 1460 1961; x_wconf 77' lang='lat' dir='ltr'><strong>Att.</strong></span> <span class='ocrx_word' id='word_1_269' title='bbox 1489 1935 1548 1961; x_wconf 86' lang='lat'><strong>12.</strong></span> <span class='ocrx_word' id='word_1_270' title='bbox 1574 1935 1635 1961; x_wconf 85' lang='lat'><strong>21.</strong></span> <span class='ocrx_word' id='word_1_271' title='bbox 1659 1935 1683 1971; x_wconf 88' lang='lat'>4</span> <span class='ocrx_word' id='word_1_272' title='bbox 1710 1924 1838 1961; x_wconf 80' lang='lat' dir='ltr'><strong>Oviae</strong></span> <span class='ocrx_word' id='word_1_273' title='bbox 1854 1924 1921 1971; x_wconf 83' lang='lat' dir='ltr'><strong>(sc.</strong></span> 
     </span>
     <span class='ocr_line' id='line_1_43' title="bbox 1100 1978 1924 2030; baseline 0.001 -15"><span class='ocrx_word' id='word_1_274' title='bbox 1100 1979 1265 2028; x_wconf 71' lang='lat' dir='ltr'><strong>uxoris)</strong></span> <span class='ocrx_word' id='word_1_275' title='bbox 1295 1980 1337 2017; x_wconf 91' lang='lat' dir='ltr'><strong>C.</strong></span> <span class='ocrx_word' id='word_1_276' title='bbox 1362 1979 1486 2016; x_wconf 85' lang='lat' dir='ltr'><strong>Lolli.</strong></span> <span class='ocrx_word' id='word_1_277' title='bbox 1549 1979 1598 2016; x_wconf 93' lang='lat' dir='ltr'><strong>In</strong></span> <span class='ocrx_word' id='word_1_278' title='bbox 1624 1978 1750 2016; x_wconf 88' lang='lat' dir='ltr'><strong>Latin</strong></span> <span class='ocrx_word' id='word_1_279' title='bbox 1771 1984 1924 2030; x_wconf 91' lang='lat' dir='ltr'><strong>poetry</strong></span> 
     </span>
     <span class='ocr_line' id='line_1_44' title="bbox 1100 2034 1922 2072; baseline 0 -1"><span class='ocrx_word' id='word_1_280' title='bbox 1100 2034 1172 2072; x_wconf 90' lang='lat' dir='ltr'><strong>the</strong></span> <span class='ocrx_word' id='word_1_281' title='bbox 1222 2034 1429 2072; x_wconf 87' lang='lat' dir='ltr'><strong>omission</strong></span> <span class='ocrx_word' id='word_1_282' title='bbox 1479 2034 1513 2072; x_wconf 93' lang='lat' dir='ltr'><strong>is</strong></span> <span class='ocrx_word' id='word_1_283' title='bbox 1564 2046 1780 2071; x_wconf 91' lang='lat' dir='ltr'><strong>common.</strong></span> <span class='ocrx_word' id='word_1_284' title='bbox 1855 2034 1922 2071; x_wconf 86' lang='lat' dir='ltr'><strong>Cf.</strong></span> 
     </span>
     <span class='ocr_line' id='line_1_45' title="bbox 1100 2089 1920 2140; baseline 0 -14"><span class='ocrx_word' id='word_1_285' title='bbox 1100 2090 1228 2139; x_wconf 75' lang='lat' dir='ltr'><strong>Verg.</strong></span> <span class='ocrx_word' id='word_1_286' title='bbox 1251 2090 1356 2127; x_wconf 87' lang='lat' dir='ltr'><strong>Aen.</strong></span> <span class='ocrx_word' id='word_1_287' title='bbox 1381 2100 1416 2139; x_wconf 85' lang='lat'><strong>3.</strong></span> <span class='ocrx_word' id='word_1_288' title='bbox 1441 2100 1520 2140; x_wconf 82' lang='lat'><strong>319</strong></span> <span class='ocrx_word' id='word_1_289' title='bbox 1551 2090 1745 2127; x_wconf 72' lang='lat' dir='ltr'><strong>Hectoris</strong></span> <span class='ocrx_word' id='word_1_290' title='bbox 1778 2089 1920 2139; x_wconf 74' lang='lat' dir='ltr'><strong>(uxor)</strong></span> 
     </span>
     <span class='ocr_line' id='line_1_46' title="bbox 1099 2144 1922 2190; baseline 0 -8"><span class='ocrx_word' id='word_1_291' title='bbox 1099 2145 1427 2190; x_wconf 70' lang='lat' dir='ltr'><strong>Andrornaclze;</strong></span> <span class='ocrx_word' id='word_1_292' title='bbox 1466 2144 1592 2189; x_wconf 85' lang='lat' dir='ltr'><strong>Ovid,</strong></span> <span class='ocrx_word' id='word_1_293' title='bbox 1613 2145 1714 2182; x_wconf 79' lang='lat' dir='ltr'><strong>Met.</strong></span> <span class='ocrx_word' id='word_1_294' title='bbox 1752 2156 1811 2182; x_wconf 88' lang='lat'><strong>12.</strong></span> <span class='ocrx_word' id='word_1_295' title='bbox 1844 2144 1922 2182; x_wconf 81' lang='lat'><strong>622</strong></span> 
     </span>
     <span class='ocr_line' id='line_1_47' title="bbox 1104 2199 1923 2250; baseline 0 -13"><span class='ocrx_word' id='word_1_296' title='bbox 1104 2200 1238 2237; x_wconf 79' lang='lat' dir='ltr'><strong>Oileos</strong></span> <span class='ocrx_word' id='word_1_297' title='bbox 1280 2199 1442 2250; x_wconf 77' lang='lat' dir='ltr'><strong>(filius)</strong></span> <span class='ocrx_word' id='word_1_298' title='bbox 1485 2201 1615 2237; x_wconf 78' lang='lat' dir='ltr'><strong>Aiax.</strong></span> <span class='ocrx_word' id='word_1_299' title='bbox 1703 2199 1783 2238; x_wconf 88' lang='lat' dir='ltr'><strong>See</strong></span> <span class='ocrx_word' id='word_1_300' title='bbox 1831 2200 1923 2237; x_wconf 78' lang='lat' dir='ltr'><strong>also</strong></span> 
     </span>
     <span class='ocr_line' id='line_1_48' title="bbox 1100 2255 1923 2304; baseline 0 -12"><span class='ocrx_word' id='word_1_301' title='bbox 1100 2255 1201 2293; x_wconf 92' lang='lat' dir='ltr'><strong>Tac.</strong></span> <span class='ocrx_word' id='word_1_302' title='bbox 1227 2256 1344 2292; x_wconf 80' lang='lat' dir='ltr'><strong>Amz.</strong></span> <span class='ocrx_word' id='word_1_303' title='bbox 1367 2267 1403 2302; x_wconf 84' lang='lat'><strong>4.</strong></span> <span class='ocrx_word' id='word_1_304' title='bbox 1435 2266 1477 2293; x_wconf 90' lang='lat'><strong>11</strong></span> <span class='ocrx_word' id='word_1_305' title='bbox 1503 2270 1511 2302; x_wconf 94' lang='grc'><strong>;</strong></span> <span class='ocrx_word' id='word_1_306' title='bbox 1547 2255 1650 2293; x_wconf 87' lang='lat' dir='ltr'><strong>Plin.</strong></span> <span class='ocrx_word' id='word_1_307' title='bbox 1682 2256 1766 2304; x_wconf 77' lang='lat' dir='ltr'><strong>Ep.</strong></span> <span class='ocrx_word' id='word_1_308' title='bbox 1796 2267 1831 2292; x_wconf 87' lang='lat'><strong>2.</strong></span> <span class='ocrx_word' id='word_1_309' title='bbox 1860 2266 1923 2292; x_wconf 83' lang='lat'><strong>20.</strong></span> 
     </span>
     <span class='ocr_line' id='line_1_49' title="bbox 1102 2311 1923 2355; baseline -0.001 -7"><span class='ocrx_word' id='word_1_310' title='bbox 1102 2322 1137 2355; x_wconf 92' lang='lat'><strong>2,</strong></span> <span class='ocrx_word' id='word_1_311' title='bbox 1154 2311 1511 2350; x_wconf 64' lang='lat' dir='ltr'><strong>eto—domurn</strong></span> <span class='ocrx_word' id='word_1_312' title='bbox 1540 2311 1598 2349; x_wconf 88' lang='lat' dir='ltr'><strong>ad</strong></span> <span class='ocrx_word' id='word_1_313' title='bbox 1628 2322 1680 2349; x_wconf 87' lang='lat' dir='ltr'><strong>se</strong></span> <span class='ocrx_word' id='word_1_314' title='bbox 1705 2311 1923 2349; x_wconf 87' lang='lat' dir='ltr'><strong>venisse:</strong></span> 
     </span>
     <span class='ocr_line' id='line_1_50' title="bbox 1102 2366 1924 2405; baseline -0.001 -1"><span class='ocrx_word' id='word_1_315' title='bbox 1102 2366 1293 2405; x_wconf 88' lang='lat' dir='ltr'><strong>Cicero’s</strong></span> <span class='ocrx_word' id='word_1_316' title='bbox 1336 2366 1510 2404; x_wconf 89' lang='lat' dir='ltr'><strong>divorce</strong></span> <span class='ocrx_word' id='word_1_317' title='bbox 1558 2366 1670 2404; x_wconf 79' lang='lat' dir='ltr'><strong>from</strong></span> <span class='ocrx_word' id='word_1_318' title='bbox 1722 2366 1924 2404; x_wconf 91' lang='lat' dir='ltr'><strong>Terentia</strong></span> 
     </span>
     <span class='ocr_line' id='line_1_51' title="bbox 1101 2420 1923 2460; baseline -0.002 0"><span class='ocrx_word' id='word_1_319' title='bbox 1101 2428 1215 2460; x_wconf 91' lang='lat' dir='ltr'><strong>must</strong></span> <span class='ocrx_word' id='word_1_320' title='bbox 1238 2421 1347 2460; x_wconf 90' lang='lat' dir='ltr'><strong>have</strong></span> <span class='ocrx_word' id='word_1_321' title='bbox 1370 2420 1574 2460; x_wconf 91' lang='lat' dir='ltr'><strong>occurred</strong></span> <span class='ocrx_word' id='word_1_322' title='bbox 1607 2434 1727 2460; x_wconf 90' lang='lat' dir='ltr'><strong>some</strong></span> <span class='ocrx_word' id='word_1_323' title='bbox 1749 2421 1923 2459; x_wconf 87' lang='lat' dir='ltr'><strong>months</strong></span> 
     </span>
     <span class='ocr_line' id='line_1_52' title="bbox 1100 2475 1918 2526; baseline -0.001 -11"><span class='ocrx_word' id='word_1_324' title='bbox 1100 2476 1248 2516; x_wconf 87' lang='lat' dir='ltr'><strong>before</strong></span> <span class='ocrx_word' id='word_1_325' title='bbox 1280 2477 1364 2515; x_wconf 89' lang='lat' dir='ltr'><strong>this</strong></span> <span class='ocrx_word' id='word_1_326' title='bbox 1395 2477 1521 2515; x_wconf 86' lang='lat' dir='ltr'><strong>letter</strong></span> <span class='ocrx_word' id='word_1_327' title='bbox 1541 2489 1626 2516; x_wconf 89' lang='lat' dir='ltr'><strong>was</strong></span> <span class='ocrx_word' id='word_1_328' title='bbox 1648 2477 1813 2515; x_wconf 88' lang='lat' dir='ltr'><strong>written</strong></span> <span class='ocrx_word' id='word_1_329' title='bbox 1849 2475 1918 2526; x_wconf 87' lang='lat' dir='ltr'><strong>(cf.</strong></span> 
     </span>
     <span class='ocr_line' id='line_1_53' title="bbox 1103 2531 1925 2584; baseline -0.002 -14"><span class='ocrx_word' id='word_1_330' title='bbox 1103 2532 1206 2570; x_wconf 91' lang='lat' dir='ltr'><strong>Intr.</strong></span> <span class='ocrx_word' id='word_1_331' title='bbox 1232 2533 1313 2584; x_wconf 83' lang='lat'><strong>52),</strong></span> <span class='ocrx_word' id='word_1_332' title='bbox 1337 2531 1424 2570; x_wconf 91' lang='lat' dir='ltr'><strong>and</strong></span> <span class='ocrx_word' id='word_1_333' title='bbox 1448 2532 1671 2570; x_wconf 90' lang='lat' dir='ltr'><strong>Postumia</strong></span> <span class='ocrx_word' id='word_1_334' title='bbox 1690 2544 1778 2570; x_wconf 80' lang='lat' dir='ltr'><strong>was</strong></span> <span class='ocrx_word' id='word_1_335' title='bbox 1802 2532 1925 2569; x_wconf 84' lang='lat' dir='ltr'><strong>inter-</strong></span> 
     </span>
     <span class='ocr_line' id='line_1_54' title="bbox 1102 2586 1922 2636; baseline -0.004 -10"><span class='ocrx_word' id='word_1_336' title='bbox 1102 2587 1222 2626; x_wconf 89' lang='lat' dir='ltr'><strong>ested</strong></span> <span class='ocrx_word' id='word_1_337' title='bbox 1243 2588 1285 2626; x_wconf 90' lang='lat' dir='ltr'><strong>in</strong></span> <span class='ocrx_word' id='word_1_338' title='bbox 1309 2588 1498 2626; x_wconf 86' lang='lat' dir='ltr'><strong>Cicero&#39;s</strong></span> <span class='ocrx_word' id='word_1_339' title='bbox 1521 2586 1681 2626; x_wconf 89' lang='lat' dir='ltr'><strong>second</strong></span> <span class='ocrx_word' id='word_1_340' title='bbox 1704 2587 1922 2636; x_wconf 80' lang='lat' dir='ltr'><strong>marriage.</strong></span> 
     </span>
     <span class='ocr_line' id='line_1_55' title="bbox 1099 2643 1924 2693; baseline -0.002 -12"><span class='ocrx_word' id='word_1_341' title='bbox 1099 2665 1155 2670; x_wconf 89' lang='lat'><strong>——</strong></span> <span class='ocrx_word' id='word_1_342' title='bbox 1174 2643 1374 2693; x_wconf 88' lang='lat' dir='ltr'><strong>Pompei</strong></span> <span class='ocrx_word' id='word_1_343' title='bbox 1421 2643 1588 2693; x_wconf 88' lang='lat' dir='ltr'><strong>Magni</strong></span> <span class='ocrx_word' id='word_1_344' title='bbox 1638 2643 1756 2681; x_wconf 86' lang='lat' dir='ltr'><strong>filia:</strong></span> <span class='ocrx_word' id='word_1_345' title='bbox 1808 2655 1924 2680; x_wconf 90' lang='lat' dir='ltr'><strong>over-</strong></span> 
     </span>
     <span class='ocr_line' id='line_1_56' title="bbox 1101 2697 1924 2750; baseline -0.002 -14"><span class='ocrx_word' id='word_1_346' title='bbox 1101 2704 1217 2737; x_wconf 91' lang='lat' dir='ltr'><strong>tures</strong></span> <span class='ocrx_word' id='word_1_347' title='bbox 1249 2711 1354 2736; x_wconf 89' lang='lat' dir='ltr'><strong>were</strong></span> <span class='ocrx_word' id='word_1_348' title='bbox 1395 2697 1611 2750; x_wconf 86' lang='lat' dir='ltr'><strong>evidently</strong></span> <span class='ocrx_word' id='word_1_349' title='bbox 1641 2697 1768 2748; x_wconf 86' lang='lat' dir='ltr'><strong>being</strong></span> <span class='ocrx_word' id='word_1_350' title='bbox 1800 2697 1924 2735; x_wconf 87' lang='lat' dir='ltr'><strong>made</strong></span> 
     </span>
     <span class='ocr_line' id='line_1_57' title="bbox 1101 2752 1923 2803; baseline -0.002 -12"><span class='ocrx_word' id='word_1_351' title='bbox 1101 2753 1170 2791; x_wconf 90' lang='lat' dir='ltr'><strong>for</strong></span> <span class='ocrx_word' id='word_1_352' title='bbox 1209 2766 1235 2792; x_wconf 91' lang='lat' dir='ltr'><strong>a</strong></span> <span class='ocrx_word' id='word_1_353' title='bbox 1274 2753 1480 2803; x_wconf 87' lang='lat' dir='ltr'><strong>marriage</strong></span> <span class='ocrx_word' id='word_1_354' title='bbox 1530 2753 1721 2792; x_wconf 88' lang='lat' dir='ltr'><strong>between</strong></span> <span class='ocrx_word' id='word_1_355' title='bbox 1772 2752 1923 2790; x_wconf 89' lang='lat' dir='ltr'><strong>Cicero</strong></span> 
     </span>
     <span class='ocr_line' id='line_1_58' title="bbox 1102 2807 1923 2861; baseline -0.002 -15"><span class='ocrx_word' id='word_1_356' title='bbox 1102 2808 1186 2846; x_wconf 89' lang='lat' dir='ltr'><strong>and</strong></span> <span class='ocrx_word' id='word_1_357' title='bbox 1239 2809 1465 2861; x_wconf 90' lang='lat' dir='ltr'><strong>Pompey’s</strong></span> <span class='ocrx_word' id='word_1_358' title='bbox 1512 2808 1734 2858; x_wconf 89' lang='lat' dir='ltr'><strong>daughter.</strong></span> <span class='ocrx_word' id='word_1_359' title='bbox 1809 2807 1923 2845; x_wconf 87' lang='lat' dir='ltr'><strong>Who</strong></span> 
     </span>
     <span class='ocr_line' id='line_1_59' title="bbox 1102 2862 1922 2916; baseline -0.002 -14"><span class='ocrx_word' id='word_1_360' title='bbox 1102 2864 1175 2902; x_wconf 91' lang='lat' dir='ltr'><strong>the</strong></span> <span class='ocrx_word' id='word_1_361' title='bbox 1233 2864 1357 2902; x_wconf 89' lang='lat' dir='ltr'><strong>other</strong></span> <span class='ocrx_word' id='word_1_362' title='bbox 1411 2863 1510 2916; x_wconf 88' lang='lat' dir='ltr'><strong>lady</strong></span> <span class='ocrx_word' id='word_1_363' title='bbox 1562 2876 1646 2902; x_wconf 88' lang='lat' dir='ltr'><strong>was</strong></span> <span class='ocrx_word' id='word_1_364' title='bbox 1707 2862 1922 2914; x_wconf 86' lang='lat' dir='ltr'><strong>(alteram</strong></span> 
     </span>
     <span class='ocr_line' id='line_1_60' title="bbox 1103 2918 1925 2970; baseline -0.002 -13"><span class='ocrx_word' id='word_1_365' title='bbox 1103 2919 1249 2970; x_wconf 88' lang='lat' dir='ltr'><strong>illam)</strong></span> <span class='ocrx_word' id='word_1_366' title='bbox 1275 2932 1335 2958; x_wconf 91' lang='lat' dir='ltr'><strong>we</strong></span> <span class='ocrx_word' id='word_1_367' title='bbox 1358 2919 1413 2957; x_wconf 93' lang='lat' dir='ltr'><strong>do</strong></span> <span class='ocrx_word' id='word_1_368' title='bbox 1435 2925 1512 2957; x_wconf 92' lang='lat' dir='ltr'><strong>not</strong></span> <span class='ocrx_word' id='word_1_369' title='bbox 1537 2918 1677 2957; x_wconf 90' lang='lat' dir='ltr'><strong>know.</strong></span> <span class='ocrx_word' id='word_1_370' title='bbox 1694 2918 1925 2967; x_wconf 77' lang='lat' dir='ltr'><strong>—obsig-</strong></span> 
     </span>
     <span class='ocr_line' id='line_1_61' title="bbox 1102 2974 1922 3025; baseline -0.004 -13"><span class='ocrx_word' id='word_1_371' title='bbox 1102 2982 1213 3012; x_wconf 87' lang='lat' dir='ltr'><strong>nata</strong></span> <span class='ocrx_word' id='word_1_372' title='bbox 1231 2974 1457 3025; x_wconf 87' lang='lat' dir='ltr'><strong>epistula:</strong></span> <span class='ocrx_word' id='word_1_373' title='bbox 1474 2976 1655 3023; x_wconf 74' lang='lat' dir='ltr'><strong>signare,</strong></span> <span class='ocrx_word' id='word_1_374' title='bbox 1671 2975 1922 3022; x_wconf 64' lang='lat' dir='ltr'><strong>conszjgrnare,</strong></span> 
     </span>
     <span class='ocr_line' id='line_1_62' title="bbox 1102 3028 1925 3079; baseline -0.001 -13"><span class='ocrx_word' id='word_1_375' title='bbox 1102 3029 1186 3066; x_wconf 87' lang='lat' dir='ltr'><strong>and</strong></span> <span class='ocrx_word' id='word_1_376' title='bbox 1207 3030 1422 3079; x_wconf 63' lang='lat' dir='ltr'><strong>obszgrnare</strong></span> <span class='ocrx_word' id='word_1_377' title='bbox 1453 3041 1522 3067; x_wconf 90' lang='lat' dir='ltr'><strong>are</strong></span> <span class='ocrx_word' id='word_1_378' title='bbox 1552 3028 1761 3067; x_wconf 90' lang='lat' dir='ltr'><strong>technical</strong></span> <span class='ocrx_word' id='word_1_379' title='bbox 1794 3035 1925 3065; x_wconf 91' lang='lat' dir='ltr'><strong>terms</strong></span> 
     </span>
     <span class='ocr_line' id='line_1_63' title="bbox 1102 3083 1923 3134; baseline -0.004 -13"><span class='ocrx_word' id='word_1_380' title='bbox 1102 3084 1170 3121; x_wconf 89' lang='lat' dir='ltr'><strong>for</strong></span> <span class='ocrx_word' id='word_1_381' title='bbox 1210 3084 1380 3134; x_wconf 86' lang='lat' dir='ltr'><strong>affixing</strong></span> <span class='ocrx_word' id='word_1_382' title='bbox 1420 3084 1492 3121; x_wconf 89' lang='lat' dir='ltr'><strong>the</strong></span> <span class='ocrx_word' id='word_1_383' title='bbox 1528 3084 1615 3122; x_wconf 83' lang='lat' dir='ltr'><strong>seal</strong></span> <span class='ocrx_word' id='word_1_384' title='bbox 1650 3090 1695 3122; x_wconf 92' lang='lat' dir='ltr'><strong>to</strong></span> <span class='ocrx_word' id='word_1_385' title='bbox 1729 3096 1754 3120; x_wconf 87' lang='lat' dir='ltr'><strong>a</strong></span> <span class='ocrx_word' id='word_1_386' title='bbox 1788 3083 1923 3121; x_wconf 88' lang='lat' dir='ltr'><strong>letter.</strong></span> 
     </span>
    </p>
   </div>
  </div>
 </body>
</html>
