2067 3332
245 145 326 186 280
814 145 1090 185 CICERo's
1133 145 1420 185 LETTERS.
1670 146 1768 197 [Ep.
1792 147 1981 186 xcvn.

245 292 473 336 senatus
538 285 770 352 gravior,
843 285 1199 346 constantior,
1271 285 1497 336 amicior
1560 285 1670 336 tuis
1726 285 1981 337 laudibus

245 392 369 426 esse
411 392 522 425 non
564 375 742 442 potuit
799 393 961 442 quam
1018 383 1137 426 tum
1191 376 1315 436 suit,
1368 392 1471 426 nec
1514 392 1642 426 vero
1684 375 1788 426 tibi
1831 392 1982 427 sena-

244 472 334 516 tus
389 465 615 516 amicior
669 483 831 532 quarn
890 473 1090 517 cuncta
1149 465 1357 516 civitas,
1444 465 1774 516 Mirabiliter
1834 466 1980 516 enim

244 555 480 622 populus
551 556 617 606 R.
689 555 978 606 universus
1048 563 1102 606 et
1180 555 1426 606 omnium
1501 572 1766 622 generum
1845 556 1982 606 ordi-

244 662 488 712 numque
537 662 845 696 consensus
884 646 952 696 ad
989 645 1329 696 liberandam
1373 662 1488 696 rem
1531 663 1578 712 p.
1627 646 1977 713 conspiravit.

246 735 420 802 Perge
463 736 644 803 igitur,
679 744 738 787 ut
781 736 915 803 agis,
962 753 1277 803 nomenque
1319 743 1476 787 tuum
1521 736 1847 787 commenda
1887 736 1981 786 irn-

244 827 583 887 mortalitati,
630 835 796 894 atque
852 827 988 877 haec
1044 826 1229 877 omnia
1283 843 1422 893 quae
1477 827 1683 877 habent
1740 826 1979 893 speciem

243 917 449 983 gloriae
493 918 747 968 conlecta
792 917 1129 968 inanissimis
1163 902 1476 983 splendoris*
1508 916 1821 983 insignibus
1856 934 1981 967 con-

243 1014 446 1069 temne,
487 1008 673 1058 brevia
720 1007 910 1058 fucata
957 1008 1163 1058 caduca
1204 1007 1475 1058 existima.
1558 1007 1767 1057 Verum
1811 1007 1980 1058 decus

245 1097 299 1148 in
327 1097 535 1148 virtute
565 1098 807 1164 positum
840 1105 924 1148 est
960 1114 1102 1165 quae
1138 1097 1375 1148 maxime
1411 1097 1737 1148 inlustratur
1764 1097 1980 1164 magnis

245 1188 300 1238 in
343 1205 457 1238 rem
502 1206 550 1254 p.
597 1188 822 1239 meritis,
910 1189 1047 1238 Earn
1089 1187 1413 1238 facultatem
1457 1187 1627 1238 habes
1669 1187 1977 1249 maximam,

244 1295 406 1344 quam
463 1279 720 1345 quoniam
792 1278 1112 1344 complexus
1170 1295 1245 1339 eS,
1302 1286 1447 1329 tene.
1534 1277 1740 1328 Perfice
1796 1284 1855 1327 ut
1910 1294 1979 1327 ne

243 1368 425 1419 minus
480 1385 567 1419 res
623 1386 674 1434 p.
725 1368 827 1419 tibi
875 1385 1036 1435 quarn
1081 1376 1142 1418 tu
1191 1368 1269 1418 rei
1310 1385 1360 1434 p.
1407 1368 1625 1419 debeas
1711 1367 1804 1417 Me
1852 1374 1980 1418 tuae

243 1458 530 1525 dignitatis
563 1476 673 1509 non
705 1460 867 1509 modo
897 1459 1172 1509 fautorem
1205 1459 1301 1509 sed
1332 1458 1497 1509 etiam
1527 1457 1978 1524 amplificatorem

243 1566 565 1616 cognosces,
651 1549 714 1599 Id
744 1566 868 1600 cum
898 1549 976 1599 rei
1005 1567 1074 1615 p.,
1108 1565 1246 1615 quae
1276 1548 1410 1598 mihi
1437 1548 1604 1599 vitast
1635 1563 1755 1598 mea
1786 1547 1975 1608 carior,

243 1646 361 1690 tum
404 1647 628 1690 nostrae
673 1638 1076 1690 necessitudini
1118 1639 1321 1689 debere
1364 1654 1451 1688 me
1506 1638 1703 1689 iudico,
1788 1637 1979 1704 Atque

243 1730 297 1780 in
327 1729 413 1780 his
445 1729 591 1781 curis
621 1746 756 1796 quas
802 1729 1011 1780 contuli
1040 1729 1107 1779 ad
1144 1729 1473 1796 dignitatern
1504 1736 1653 1779 tuam
1684 1727 1804 1794 cepi
1833 1744 1980 1794 mag-

243 1837 367 1870 nam
403 1820 761 1887 voluptatem,
790 1820 936 1886 quod
976 1820 1119 1870 bene
1167 1819 1447 1886 cognitam
1488 1818 1623 1868 mihi
1660 1818 1723 1869 T.
1760 1817 1979 1868 Munati

242 1910 593 1976 prudentiam
638 1918 691 1960 et
731 1910 895 1960 fidem
933 1910 1108 1976 magis
1152 1909 1318 1960 etiam
1363 1908 1618 1975 perspexi
1660 1907 1713 1958 in
1755 1907 1874 1958 eius
1904 1907 1979 1957 in-

243 2000 490 2051 credibili
521 2017 651 2066 erga
673 2008 729 2050 te
758 1999 1148 2050 benevolentia
1166 2007 1220 2050 et
1242 1999 1542 2066 diligentia.
1603 2014 1664 2048 111
1687 1998 1817 2049 Idus
1837 1997 1974 2064 Apr.

739 2172 978 2224 XCVII.
1066 2172 1236 2241 (Fam.
1280 2187 1359 2223 ΙΙ.
1392 2173 1469 2240 9.)

643 2318 697 2355 D.
731 2317 968 2356 BRVTVS
1004 2317 1046 2356 S.
1080 2318 1134 2355 D.
1168 2318 1226 2355 M.
1261 2317 1577 2356 CICERONI.

319 2429 494 2479 Pansa
535 2428 740 2479 amisso
783 2437 1051 2495 quantum
1095 2427 1417 2479 detrimenti
1458 2445 1561 2479 res.
1607 2445 1656 2494 p.
1698 2428 1973 2495 acceperit

241 2535 350 2569 non
393 2526 449 2568 te
492 2518 772 2584 praeterit.
859 2519 1025 2569 Nunc
1068 2519 1399 2570 auctoritate
1442 2525 1496 2569 et
1540 2517 1837 2584 prudentia
1878 2525 1975 2568 tua

240 2608 543 2674 prospicias
585 2616 803 2674 oportet
836 2625 906 2658 ne
936 2608 1143 2659 inimici
1175 2608 1351 2659 nostri
1381 2607 1701 2659 consulibus
1741 2607 1974 2658 sublatis

239 2726 303 2763 dis
345 2725 665 2777 hominibusque
704 2725 894 2776 infestus.
986 2725 1066 2764 See
1146 2738 1231 2763 was
1262 2724 1394 2763 killed
1426 2737 1482 2763 on
1513 2724 1587 2763 the
1617 2723 1716 2762 field
1747 2723 1795 2762 of
1822 2723 1971 2769 battle,

239 2780 331 2818 also
356 2781 475 2826 Otto,
497 2781 818 2830 Sprz'chwc'h‘ter,
846 2791 932 2831 179.
1146 2780 1268 2818 while
1285 2782 1424 2818 Pansa
1436 2792 1521 2818 was
1537 2779 1735 2831 mortally
1746 2778 1968 2824 wounded‚

296 2835 484 2874 XCVII.
566 2836 695 2873 From
736 2836 808 2874 the
858 2848 981 2886 camp
1023 2841 1065 2873 at
1146 2835 1230 2873 and
1253 2835 1350 2873 died
1374 2842 1457 2873 two
1480 2835 1584 2886 days
1605 2835 1724 2873 later.
1772 2834 1839 2873 Cf.
1866 2835 1968 2872 Intr.

241 2891 436 2941 Regium,
481 2891 584 2940 Apr.
628 2901 690 2940 29,
733 2902 783 2941 43
827 2901 907 2928 ΒΕ.
995 2892 1062 2929 On
1144 2902 1207 2938 42.
1290 2890 1391 2928 Had
1441 2890 1526 2928 this
1575 2889 1852 2940 catastrophe
1892 2896 1968 2928 not

240 2946 411 2991 Brutus,
433 2945 485 2984 cf.
518 2947 594 2996 Ep.
621 2946 873 2984 LXXXVI.
906 2945 1061 2983 introd.
1143 2945 1359 2990 occurred,
1385 2946 1562 2996 Antony
1584 2944 1725 2983 would
1756 2944 1966 2996 probably

238 3008 355 3040 note.
1141 3000 1250 3039 have
1273 3000 1379 3039 been
1403 3000 1597 3045 crushed,
1617 2999 1702 3038 and
1724 2999 1796 3038 the
1813 3012 1966 3038 course

298 3068 329 3093 1.
361 3057 638 3095 consulibus
652 3056 870 3095 sublatis:
892 3056 1061 3095 Hirtius
1141 3056 1188 3093 of
1218 3062 1366 3094 events
1397 3055 1559 3106 greatly
1582 3054 1789 3105 changed,
1813 3067 1860 3093 as
1892 3054 1965 3092 the
