2067 3332
744 160 1022 199 CICERO'S
1066 161 1354 199 LETTERS.

187 160 264 201 118
1603 159 1702 211 [Ep.
1728 160 1921 200 XXXII.

185 317 249 351 ea
272 317 410 367 quae
433 299 606 350 voluit
638 300 705 349 de
735 299 849 349 suis
881 299 1184 350 commodis
1215 307 1269 349 et
1300 299 1558 365 praemiis
1589 307 1922 351 consecutus

186 398 286 451 est,
319 407 497 440 meme
528 389 719 440 habuit
750 406 971 440 suorum
1005 389 1359 440 defensorum
1391 397 1444 440 et
1474 389 1773 441 amicorum
1805 390 1922 441 fere

186 480 507 547 principem,
538 488 591 530 et
622 480 729 529 iam
758 497 789 529 a
820 479 1083 540 PhaedrO,
1111 479 1202 546 qui
1233 479 1409 540 nobiS,
1437 497 1561 531 cum
1593 479 1749 546 pueri
1779 497 1922 531 esse-

186 588 324 631 mus,
370 577 500 620 ante
543 587 706 636 quam
752 569 1039 619 Philonem
1083 569 1460 636 cognovimUS,
1508 569 1664 620 valde
1705 577 1766 620 ut
1809 570 1922 636 phi-

185 660 465 726 losophm,
525 668 719 726 postea
773 666 961 709 tamen
1017 667 1077 709 ut
1132 659 1214 709 vir
1281 660 1460 710 bonus
1517 668 1571 710 et
1629 659 1811 710 suavis
1868 668 1921 710 et

186 750 464 801 officiosus
510 750 861 816 probabatur,
907 749 1144 800 traditus
1199 749 1335 799 mihi
1392 750 1922 816 commendatusque

186 848 287 892 est.
374 840 428 890 Is
459 839 628 906 igitur
665 840 826 889 Patro
857 856 981 890 cum
1021 840 1087 889 ad
1118 857 1205 889 me
1238 840 1471 889 Romam
1505 839 1718 889 litteras
1749 839 1922 890 misis-

187 938 288 992 set,
337 930 418 980 uti
462 938 518 980 te
565 929 669 980 sibi
718 929 989 995 placarem
1045 938 1403 996 peteremque
1452 936 1512 979 ut
1557 928 1746 980 nescio
1791 929 1921 996 quid

186 1019 319 1071 illud
351 1019 577 1086 Epicuri
605 1019 1000 1085 parietinarum
1032 1019 1136 1069 sibi
1166 1019 1513 1080 concedereS,
1548 1018 1684 1068 nihil
1727 1019 1921 1085 scripsi

185 1111 253 1161 ad
288 1118 345 1161 te
388 1111 458 1161 ob
501 1126 620 1160 eam
664 1127 795 1170 rem,
829 1110 973 1176 quod
1015 1109 1416 1160 aedificationis
1459 1117 1588 1160 tuae
1631 1109 1919 1160 consilium

186 1200 670 1252 commendatione
712 1216 835 1250 mea
876 1199 1131 1249 nolebam
1175 1199 1455 1265 impediri;
1499 1198 1660 1260 idem,
1694 1207 1752 1249 ut
1795 1199 1920 1250 veni

187 1290 461 1351 Athenas,
495 1290 794 1341 cumidem
838 1290 904 1339 ad
947 1297 1003 1339 te
1047 1289 1343 1340 scriberem
1387 1297 1654 1356 rogasset,
1688 1290 1757 1340 ob
1801 1306 1919 1340 eam

187 1397 408 1431 causam
438 1380 769 1446 impetravit,
803 1380 950 1446 quod
992 1387 1048 1430 te
1090 1379 1360 1430 abiecisse
1402 1379 1549 1430 illam
1592 1378 1921 1430 aedificatio-

186 1487 312 1520 nem
344 1471 633 1521 constabat
666 1469 810 1520 inter
839 1487 1030 1520 omnes
1073 1469 1280 1520 amicos
1323 1476 1464 1521 tuos,
1550 1469 1714 1536 Quod
1757 1469 1803 1520 si
1845 1469 1922 1520 ita

186 1568 271 1611 est
318 1568 372 1611 et
418 1560 464 1611 si
509 1560 615 1610 iam
661 1567 756 1610 tua
802 1559 963 1626 plane
1008 1559 1144 1609 nihil
1193 1559 1443 1620 interest,
1491 1559 1672 1620 velim,
1724 1558 1770 1610 si
1814 1577 1921 1626 qua

186 1650 595 1701 offensiuncula
623 1650 773 1701 facta
802 1658 886 1700 est
916 1649 1085 1700 animi
1115 1650 1196 1700 tui
1224 1649 1588 1716 perversitate
1616 1649 1919 1716 aliquorum

183 1773 259 1778 —-
280 1741 409 1791 novi
440 1740 586 1791 enim
616 1748 842 1807 gentem
874 1740 1143 1801 illam—,
1175 1741 1272 1790 des
1310 1747 1367 1790 te
1401 1740 1468 1790 ad
1497 1739 1801 1800 lenitatem,
1833 1739 1919 1790 vel

184 1838 411 1897 propter
454 1848 722 1881 summam
766 1831 1188 1891 humanitatem,
1220 1829 1306 1880 vel
1337 1830 1501 1880 etiam
1545 1829 1770 1880 honoris
1814 1830 1920 1880 mei

185 1937 364 1972 causa.
450 1920 739 1987 Equidem,
773 1920 819 1970 si
848 1920 976 1987 quid
1007 1920 1126 1986 ipse
1155 1919 1391 1970 sentiam
1422 1919 1655 1987 quaeriS,
1690 1936 1792 1970 nec
1822 1936 1920 1970 cur

185 2010 276 2060 ille
305 2018 596 2076 tantopere
627 2011 926 2061 contendat
957 2010 1116 2060 video
1146 2027 1247 2061 nec
1278 2027 1374 2061 cur
1403 2018 1463 2060 tu
1493 2026 1784 2077 repugnes,
1813 2009 1918 2060 nisi

1093 2126 1211 2177 good
1257 2133 1387 2166 terms
1430 2127 1500 2165 for
1538 2139 1659 2165 some
1700 2126 1915 2165 unknown

1093 2196 1245 2222 reason
1266 2198 1274 2230 3
1292 2183 1343 2221 cf.
1362 2184 1447 2221 Att.
1469 2193 1500 2234 5.
1520 2194 1534 2220 1
1549 2194 1580 2220 1.
1596 2182 1632 2221 6.
1647 2182 1827 2221 -illud
1847 2211 1856 2220 .
1876 2211 1886 2220 .
1906 2211 1915 2220 .

184 2127 241 2166 de
269 2128 370 2167 suis
393 2128 658 2166 commodis
683 2134 728 2166 et
752 2128 978 2178 praemiis
998 2142 1006 2165 ε

182 2183 373 2235 possibly
412 2183 502 2221 fees
544 2183 626 2221 due
666 2183 754 2220 him
793 2183 906 2221 from
942 2183 1007 2221 his

182 2238 394 2284 students‚
413 2239 548 2276 which
568 2239 720 2277 Cicero
742 2238 896 2289 helped
920 2238 1007 2276 him

183 2299 228 2331 to
244 2294 407 2332 collect.
422 2317 472 2322 —
490 2305 665 2332 meme:
690 2294 761 2332 the
775 2294 1007 2345 colloquial

183 2348 342 2387 double
362 2349 474 2387 form
495 2349 565 2387 for
586 2349 658 2387 the
681 2362 765 2388 acc.
785 2364 792 2396 ;
825 2349 877 2388 cf.
903 2350 1006 2387 Intr.

181 2403 231 2452 87
270 2405 291 2442 b
331 2404 415 2442 and
455 2405 527 2443 the
569 2404 728 2443 double
767 2404 879 2442 form
920 2410 1005 2450 tete,

185 2459 321 2497 Plaut.
358 2461 487 2509 Epid.
523 2459 588 2505 82,
625 2461 721 2498 Ter.
759 2461 839 2498 Ad.
874 2472 1007 2511 33.—

186 2515 420 2554 Phaedro:
439 2515 512 2553 the
530 2516 767 2565 Epicurean
785 2516 1005 2554 Phaedrus

181 2582 266 2608 was
289 2583 371 2609 one
394 2570 441 2608 of
472 2570 660 2609 Cicero’s
691 2571 782 2609 first
811 2571 1004 2609 teachers

181 2624 222 2662 in
240 2624 512 2677 philosophy.
528 2649 581 2652 —
598 2626 866 2664 Philonem:
897 2626 1003 2663 until

180 2679 234 2718 he
256 2693 375 2719 came
398 2687 442 2718 to
468 2682 605 2719 Rome
627 2694 673 2719 as
695 2694 720 2719 a
749 2681 930 2731 fugitive
962 2681 1003 2718 in

179 2733 231 2773 88
256 2745 350 2781 B.C.,
377 2735 498 2773 Philo
521 2735 606 2773 had
638 2736 744 2774 been
769 2736 841 2774 the
862 2735 1005 2774 leader

180 2789 227 2827 of
260 2790 332 2828 the
365 2792 472 2829 New
495 2790 716 2843 Academy
745 2798 788 2829 at
821 2791 1001 2829 Athens.

181 2845 264 2883 His
301 2846 521 2896 teachings
563 2846 688 2885 made
728 2859 753 2884 a
789 2846 895 2897 deep
931 2847 1003 2884 im-

177 2901 369 2950 pression
403 2914 516 2951 upon
551 2902 717 2947 Cicero,
749 2901 832 2939 and
870 2901 1003 2940 deter-

177 2955 321 2994 mined
343 2956 408 2995 his
430 2957 744 3006 philosophical
769 2956 963 2994 attitude.

233 3023 269 3062 3.
302 3012 370 3050 uti
392 3018 437 3049 te
462 3012 552 3050 sibi
575 3013 837 3062 placarem:
871 3013 1002 3050 Meni-

176 3066 287 3104 mius
312 3066 396 3104 and
427 3068 553 3104 Patro
584 3067 668 3104 had
705 3075 780 3105 not
808 3067 915 3105 been
945 3080 999 3103 on

1094 2239 1462 2289 parietinarum:
1505 2238 1602 2275 with
1647 2250 1671 2275 a
1716 2237 1917 2275 minimiz-

1093 2294 1167 2344 ing
1195 2294 1336 2339 force3
1378 2293 1430 2332 cf.
1453 2293 1527 2330 lzoc
1556 2294 1811 2338 litterarum,
1835 2293 1913 2342 Ep.

1095 2349 1317 2387 XXXIII.
1342 2361 1364 2400 3
1389 2348 1913 2386 n.-aedificationem:

1092 2404 1160 2442 for
1190 2405 1444 2455 aedzficandi
1480 2405 1701 2442 consilium
1747 2404 1914 2454 (Manu-

1093 2459 1556 2563 nuffbffensiuncula
1572 2528 1579 2551 :
1599 2514 1912 2564 efipulclzellus,

1093 2571 1171 2620 Ep.
1214 2571 1264 2608 V.
1311 2582 1358 2609 10
1398 2569 1650 2608 n.—nisi:
1703 2569 1812 2614 Brix,
1857 2580 1912 2606 on

1094 2626 1230 2664 Plaut.
1272 2627 1388 2663 Trin.
1424 2637 1513 2676 233,
1545 2637 1659 2676 says:
1694 2625 1807 2662 ‘nisi
1835 2623 1911 2662 has

1091 2680 1201 2719 after
1222 2681 1419 2730 negative
1441 2687 1665 2719 sentences
1685 2679 1762 2729 (i.e.
1780 2679 1822 2717 in
1840 2677 1912 2716 old

1092 2735 1234 2787 Latin)
1259 2736 1331 2774 the
1361 2736 1476 2774 force
1508 2735 1554 2773 of
1583 2747 1608 2773 a
1628 2734 1747 2773 weak
1769 2733 1912 2772 adver-

1089 2792 1225 2830 sative
1242 2791 1430 2841 particle,
1448 2791 1649 2835 however,
1668 2789 1765 2827 but!
1805 2788 1911 2827 This

1089 2847 1256 2885 archaic
1295 2847 1412 2884 force
1452 2846 1487 2884 is
1528 2844 1720 2883 retained
1758 2844 1801 2882 in
1839 2843 1910 2882 the

1087 2914 1270 2952 passage
1298 2901 1445 2939 before
1479 2914 1554 2947 us;
1587 2900 1639 2938 cf.
1662 2900 1778 2937 nihil
1805 2899 1913 2936 mihi

1082 2959 1250 3007 gratius
1266 2958 1412 3007 fizcere
1434 2962 1561 3005 potes,
1584 2957 1671 2992 nisi
1697 2961 1836 2992 tamen
1867 2954 1916 2991 id

1087 3014 1169 3049 erit
1189 3013 1299 3049 milti
1309 3013 1623 3061 gratissimum,
1648 3011 1809 3060 siquae
1838 3009 1913 3046 tibi

1088 3068 1294 3104 mandavi
1321 3067 1555 3117 confeceris,
1587 3067 1673 3103 Att.
1709 3075 1742 3116 5.
1780 3075 1838 3111 14.
1872 3075 1909 3114 3.
