2067 3332
102 162 227 213 (2.st
253 173 287 212 3.
315 172 348 213 5,
371 160 430 212 6.]
672 160 948 200 CICERo’s
995 162 1282 200 LETTERs.
1797 162 1851 204 97

98 302 153 351 in
186 301 278 351 illa
306 301 644 352 auctoritate
675 301 954 351 senatoria
984 301 1183 352 florere
1213 302 1470 363 debebat,
1503 310 1598 352 aut
1640 303 1850 354 forensi

97 392 284 442 labore
328 391 520 443 iactari
569 399 662 442 aut
709 391 1032 442 domesticis
1088 392 1292 444 litteris
1350 393 1670 455 sustentari,
1716 393 1850 444 illud

96 499 243 544 ver0,
277 483 424 550 quod
466 500 497 533 a
538 499 710 549 puero
753 483 1082 544 adamaram,

231 611 452 665 πολλὸν
481 612 782 682 ἀριστεύειν
811 611 903 664 καὶ
935 613 1227 684 ὑπείροχος
1259 614 1483 679 ἔμμεναι
1513 614 1719 679 ἄλλων,

98 757 279 800 totum
310 747 601 809 occidisse,
636 747 893 799 inimicos
923 765 954 799 a
983 765 1071 799 me
1101 749 1303 815 partim
1335 767 1446 800 non
1477 759 1848 818 oppugnatOS,

97 839 299 906 partim
331 838 500 890 etiam
533 855 656 890 esse
687 838 970 900 defenSOS,
1004 856 1192 890 meum
1224 857 1334 891 non
1378 841 1543 891 modo
1585 841 1847 904 animum,
1921 825 1924 827 Δ

99 930 196 981 sed
227 947 297 980 ne
328 929 516 980 odium
548 929 769 997 quidem
803 946 928 980 esse
959 929 1213 992 liberum,
1246 948 1530 998 unumque
1573 948 1639 982 ex
1681 933 1849 983 omni-

96 1021 200 1072 bus
231 1020 528 1072 Caesarem
560 1037 685 1072 esse
721 1020 1011 1071 inventum
1048 1021 1142 1088 qui
1185 1039 1273 1072 me
1315 1029 1536 1073 tantum
1580 1030 1849 1090 quantum

97 1128 201 1178 ego
243 1111 443 1162 vellem
487 1119 714 1173 amaret,
758 1119 852 1162 aut
896 1112 1080 1173 etiam,
1128 1112 1269 1164 sicut
1312 1112 1402 1163 alii
1442 1121 1660 1179 putant,
1703 1114 1851 1166 hunc

100 1219 273 1253 unum
317 1219 442 1253 esse
482 1203 574 1270 qui
605 1202 790 1254 vellet.
878 1203 1130 1270 Quorum
1174 1211 1362 1254 tamen
1405 1204 1542 1254 nihil
1585 1212 1670 1256 est
1716 1206 1852 1256 eius-

98 1293 246 1344 modi
275 1301 334 1344 ut
366 1310 470 1360 ego
500 1310 589 1344 me
619 1311 731 1344 non
762 1293 938 1345 multa
968 1294 1348 1345 consolatione
1384 1295 1585 1346 cotidie
1623 1295 1851 1359 leniam;

97 1385 195 1436 sed
226 1384 319 1435 illa
357 1384 460 1436 erit
504 1385 811 1436 consolatio
854 1385 1105 1446 maxima,
1139 1386 1184 1436 si
1225 1403 1335 1436 una
1378 1386 1598 1438 erimus,
1684 1387 1850 1439 Nunc

97 1476 164 1527 ad
207 1475 298 1526 illa
326 1475 413 1527 vel
457 1476 845 1543 gravissimum
888 1477 1101 1528 accedit
1132 1477 1463 1527 desiderium
1508 1478 1603 1529 tui.
1691 1478 1852 1529 Gabi-

97 1567 248 1617 nium
280 1567 338 1628 si,
372 1574 433 1618 ut
466 1567 644 1618 Pansa
678 1574 838 1634 putat
883 1567 1212 1634 oportuisse,
1246 1567 1639 1630 defendissem,
1674 1570 1850 1620 conci·

97 1658 319 1708 dissem.
405 1657 518 1725 Qui
559 1658 713 1709 illum
757 1659 1150 1709 oderunt—ii
1195 1666 1325 1709 sunt
1368 1659 1473 1710 toti
1515 1660 1735 1710 ordines
1757 1693 1846 1721 —,

97 1755 324 1815 propter
378 1765 544 1815 quem
602 1750 858 1810 oderunt,
907 1766 996 1800 me
1044 1749 1225 1816 ipsum
1281 1749 1463 1800 odisse
1513 1750 1846 1816 coepissent.

97 1839 279 1889 Tenui
321 1856 424 1900 me,
467 1847 527 1890 ut
571 1847 722 1906 puto,
762 1841 1000 1908 egregie,
1034 1847 1254 1891 tantum
1298 1848 1358 1890 ut
1400 1840 1644 1891 facerem
1683 1859 1850 1908 quan-

97 1936 216 1980 tum
273 1947 467 1981 omnes
511 1930 797 1993 viderunt;
847 1939 902 1982 et
952 1931 1008 1981 in
1054 1931 1205 1981 omni
1247 1948 1477 1992 summa,
1525 1939 1585 1981 ut
1636 1949 1846 1992 11101165,

96 2019 256 2071 valde
311 2037 400 2072 me
455 2022 523 2072 ad
579 2022 752 2072 otium
809 2039 1118 2089 pacemque
1175 2030 1455 2073 converto,
1555 2023 1644 2073 De
1697 2022 1848 2073 libris

98 2148 180 2185 mis
201 2148 250 2186 de
272 2148 391 2186 rebus
411 2162 436 2186 a
454 2149 606 2201 fratre
629 2162 712 2188 esse
733 2150 926 2195 celatum,

98 2204 218 2241 Fam.
241 2214 274 2256 5.
292 2215 326 2241 2.
344 2215 379 2254 9.
398 2227 449 2232 —
468 2203 640 2244 πολλὸν
657 2232 667 2244 .
694 2233 703 2243 .
728 2233 737 2244 .
763 2203 928 2244 ἆλλωνε

101 2258 233 2297 Hom.
257 2260 311 2297 ll.
345 2259 381 2298 6.
417 2259 841 2300 208.——defensos:
874 2261 928 2300 cf.

96 2327 149 2352 ex
179 2316 254 2353 lzoc
280 2316 430 2361 labore,
454 2317 532 2366 Ep.
558 2317 712 2355 XXII.
741 2328 754 2354 1
782 2330 822 2363 n,
844 2315 930 2355 and

109 2370 341 2415 Vatinium,
367 2372 444 2422 Ep.
471 2372 623 2410 XXII.
648 2384 671 2424 3
694 2385 733 2410 n.

157 2437 189 2478 5.
225 2427 481 2466 Gabinium
519 2428 560 2466 si
584 2457 593 2466 .
619 2457 628 2466 .
654 2457 663 2466 .
687 2428 931 2467 defendis-

98 2492 228 2520 sem:
274 2482 485 2522 Gabinius
527 2496 612 2522 was
659 2483 842 2522 accused
883 2485 932 2522 de

97 2539 323 2583 maiestate,
364 2539 413 2576 de
457 2540 710 2588 repetundis,
753 2539 838 2578 and
883 2540 932 2578 de

97 2594 258 2631 ambitu
283 2593 353 2645 (cf.
376 2594 502 2646 Q.fr.
522 2606 559 2646 3.
587 2606 619 2632 1.
647 2606 718 2647 15;
752 2607 787 2647 3.
812 2607 848 2647 3,
873 2595 928 2646 2).

100 2649 168 2686 On
204 2648 277 2687 the
318 2649 409 2688 first
450 2650 608 2701 charge
649 2650 703 2689 he
739 2664 825 2690 was
866 2664 931 2690 ac-

98 2704 266 2754 quitted
310 2705 378 2755 (Q.
408 2706 476 2757 fr.
520 2717 555 2757 3.
598 2718 635 2754 4.
673 2707 710 2757 1)
740 2707 928 2758 through

99 2759 171 2798 the
189 2760 341 2799 efforts
359 2760 405 2799 of
431 2762 632 2814 I'ompey,
652 2761 717 2801 his
739 2763 930 2814 political

98 2823 270 2854 master.
333 2816 485 2855 Cicero
523 2830 609 2856 was
649 2818 835 2857 induced
876 2818 930 2871 by

101 2871 294 2923 Pompey
311 2871 395 2910 and
419 2873 581 2911 Caesar
598 2880 642 2911 to
661 2873 818 2912 defend
841 2874 926 2912 him

99 2926 222 2965 when
255 2927 308 2966 he
339 2940 458 2966 came
492 2942 547 2979 up
568 2928 637 2967 for
669 2929 763 2967 trial
797 2929 931 2968 under

100 2981 172 3021 the
194 2982 357 3021 second
380 2983 547 3034 charge,
564 2983 640 3022 but
658 2984 712 3023 he
730 2998 816 3024 was
833 2998 930 3024 con-

100 3037 241 3076 victed
267 3038 370 3089 (pro
392 3040 539 3077 Rabir.
573 3041 682 3079 Post.
710 3052 772 3085 20,
797 3052 846 3092 32
864 3041 928 3091 f.).

101 3092 310 3132 Gabinius
343 3093 428 3132 had
461 3095 645 3133 assisted
679 3095 859 3135 Clodius
887 3097 929 3134 in

1018 2149 1218 2199 securing
1245 2148 1435 2187 Cicero's
1468 2149 1589 2195 exile,
1611 2148 1680 2187 for
1710 2149 1848 2188 which

1017 2205 1161 2243 action
1175 2205 1327 2243 Cicero
1342 2204 1545 2243 attacked
1559 2204 1648 2243 him
1663 2204 1849 2256 fiercely;

1017 2261 1170 2311 cf.p7²0
1190 2262 1292 2298 Sest.
1321 2272 1365 2309 17
1385 2260 1430 2298 ff.
1479 2260 1529 2298 In
1552 2260 1625 2299 the
1647 2266 1736 2299 text
1760 2261 1851 2299 Cic-

1018 2329 1091 2355 ero
1122 2317 1157 2355 is
1189 2316 1400 2367 speaking
1430 2315 1478 2354 of
1508 2316 1580 2354 the
1611 2316 1703 2355 first
1740 2316 1848 2355 trial.

1016 2395 1071 2399 —
1100 2373 1288 2411 Pansa:
1342 2372 1389 2410 C.
1433 2371 1586 2410 Vibius
1631 2373 1783 2417 Pansa,
1825 2385 1850 2410 a

1017 2435 1250 2478 supportes
1280 2427 1327 2465 of
1368 2428 1540 2473 Caesar,
1573 2427 1658 2465 and
1693 2427 1849 2478 picked

1019 2491 1095 2522 out
1118 2483 1172 2535 by
1193 2484 1279 2522 him
1307 2483 1379 2521 for
1405 2483 1477 2521 the
1509 2483 1760 2534 consulship
1781 2483 1850 2522 for

1017 2551 1083 2591 43.
1123 2539 1244 2578 With
1268 2539 1334 2578 his
1357 2539 1578 2588 colleague
1603 2539 1773 2577 Hirtius
1795 2539 1850 2578 he

1018 2608 1103 2634 was
1125 2594 1256 2633 killed
1279 2595 1320 2633 in
1340 2595 1413 2634 the
1431 2595 1581 2632 bellum
1606 2595 1850 2633 llffzctinense

1017 2651 1058 2689 in
1081 2651 1154 2690 the
1176 2651 1323 2701 spring
1344 2650 1391 2688 of
1422 2650 1515 2688 that
1544 2663 1655 2702 year.
1709 2651 1850 2689 Pansa

1017 2706 1103 2745 had
1124 2706 1334 2759 probably
1352 2705 1485 2757 urged
1509 2706 1662 2744 Cicero
1680 2706 1720 2744 in
1745 2707 1849 2745 Cae-

1017 2763 1122 2801 sar’s
1157 2775 1283 2801 name
1319 2769 1365 2800 to
1399 2761 1640 2800 undertake
1676 2761 1749 2800 the
1781 2761 1848 2800 de-

1016 2818 1138 2857 fense
1170 2818 1216 2856 of
1257 2818 1550 2857 Gabinius.—
1572 2824 1759 2856 tanturn
1796 2824 1847 2857 ut

1019 2874 1255 2912 facerem:
1303 2874 1454 2912 Cicero
1491 2872 1705 2924 appeared
1746 2886 1792 2912 as
1824 2886 1849 2911 a

1018 2930 1189 2968 witness
1230 2929 1400 2979 against
1443 2929 1655 2968 Gabinius
1696 2929 1738 2967 in
1775 2928 1848 2967 the

1018 2985 1109 3023 first
1134 2985 1245 3030 trial;
1278 2985 1330 3022 cf.
1358 2985 1484 3036 Q.fr.
1509 2997 1546 3036 3.
1569 2997 1606 3033 4.
1630 2996 1666 3037 3.

1073 3040 1111 3079 6.
1144 3041 1201 3078 de
1224 3040 1374 3079 libris:
1408 3040 1460 3078 cf.
1488 3041 1613 3092 er.
1638 3053 1673 3092 3.
1698 3052 1734 3088 4.
1757 3051 1776 3092 5
1799 3041 1848 3079 de

1017 3096 1254 3134 bibliotheca
1290 3101 1362 3132 tua
1404 3096 1559 3134 Graeca
1600 3097 1845 3146 supplenda,
