2067 3332
97 132 218 171 Fam.
239 131 277 169 8.
306 130 387 182 16.]
674 128 952 168 CICERO’S
996 128 1286 168 LETTERS.
1763 128 1843 170 173

94 271 429 337 persuadere
471 287 583 320 non
626 286 868 336 possum,
901 268 1098 319 saltem
1129 268 1258 319 dum
1289 268 1419 335 quid
1449 269 1517 319 de
1550 268 1840 335 Hispaniis

92 378 320 428 agamus
351 360 524 412 scitur
553 367 838 426 exspecta;
882 376 1016 426 quas
1058 359 1162 410 tibi
1195 358 1392 410 nuntio
1428 360 1670 410 adventu
1707 359 1837 410 Cae-

93 451 229 502 saris
273 451 394 502 fore
440 458 673 502 nostras,
762 449 943 516 Quam
990 449 1082 500 isti
1128 467 1283 516 spem
1332 450 1574 501 habeant
1622 450 1839 500 amissis

95 541 386 608 Hispaniis
429 541 653 603 nescio;
710 541 856 608 quod
911 557 1073 608 porro
1122 548 1279 590 tuum
1323 540 1614 591 consilium
1658 541 1728 591 sit
1771 542 1839 592 ad

91 633 414 699 desperatos
444 632 724 692 accedere,
758 648 870 682 non
909 631 1123 683 medius
1167 631 1330 682 fidius
1373 631 1605 698 reperio,
1693 632 1835 694 Hoc,

90 724 234 791 quod
264 731 325 774 tu
349 718 477 774 ¹non
507 723 744 774 dicendo
786 722 922 772 mihi
965 722 1309 789 significasti,
1346 722 1551 773 Caesar
1591 723 1838 773 audierat

90 831 152 865 ac
208 813 540 881 simulatque
587 812 813 864 ‘Have’
859 813 994 863 mihi
1049 812 1201 873 dixit,
1248 812 1437 863 statim
1487 813 1616 880 quid
1665 814 1732 864 de
1782 822 1838 864 te

90 904 334 955 audisset
365 904 638 971 exposuit.
726 904 944 971 Negavi
979 920 1068 954 me
1105 903 1260 964 scire,
1295 904 1391 954 sed
1433 911 1619 954 tamen
1663 905 1731 955 ab
1774 922 1838 955 eo

90 994 226 1062 petii
256 1002 315 1045 ut
346 995 412 1046 ad
443 1002 500 1045 te
528 994 745 1045 litteras
776 995 1023 1045 mitteret
1054 994 1251 1062 quibus
1280 994 1517 1045 maxime
1559 995 1625 1045 ad
1669 1012 1839 1046 rema-

90 1086 333 1136 nendum
364 1085 699 1136 commoveri
739 1101 948 1152 posses,
1035 1085 1130 1135 Me
1173 1101 1361 1136 secum
1404 1085 1458 1135 in
1505 1085 1837 1152 Hispaniam
1895 1098 1898 1100 ’

90 1176 269 1239 ducit;
312 1193 455 1237 nam,
483 1176 591 1227 nisi
622 1176 699 1227 ita
731 1176 959 1237 faceret,
993 1193 1096 1243 ego
1136 1176 1286 1242 prius
1329 1193 1491 1242 quam
1534 1177 1600 1226 ad
1644 1177 1836 1227 urbem

90 1261 429 1322 accederem,
463 1261 796 1329 ubicumque
828 1278 995 1322 esseS‚
1028 1262 1096 1312 ad
1125 1269 1181 1311 te
1211 1261 1607 1327 percurrissem
1639 1270 1693 1312 et
1733 1261 1837 1313 hoc

89 1364 120 1398 a
160 1354 217 1397 te
260 1363 524 1413 praesens
569 1346 982 1397 contendissem
1031 1354 1198 1413 atque
1247 1346 1398 1396 omni
1440 1346 1492 1396 vi
1534 1354 1591 1397 te
1633 1347 1836 1398 retinu-

88 1437 273 1489 issem,
359 1437 545 1488 Etiam
585 1445 750 1505 atque
790 1437 971 1498 etiam,
1008 1437 1219 1498 Cicer0,
1253 1437 1439 1504 cogita
1480 1454 1549 1487 ne
1591 1445 1648 1488 te
1689 1445 1837 1488 tuos-

88 1544 194 1595 que
236 1528 416 1579 omnis
457 1528 710 1578 funditus
754 1536 986 1589 evertaS,
1034 1545 1105 1578 ne
1146 1535 1203 1578 te
1246 1527 1428 1578 sciens
1484 1528 1836 1595 prudensque

89 1635 154 1669 eo
200 1619 461 1670 demittas
517 1619 664 1669 unde
713 1618 920 1669 exitum
964 1618 1118 1669 vides
1170 1619 1379 1669 nullum
1431 1635 1568 1670 esse.
1671 1619 1835 1686 Quod

89 1709 134 1760 si
176 1717 233 1760 te
276 1717 369 1760 aut
411 1726 578 1761 voces
623 1709 974 1776 optimatium
1017 1717 1370 1761 commovent
1413 1717 1506 1759 aut
1550 1710 1836 1760 nonnullo-

87 1817 208 1851 rum
263 1800 549 1851 hominum
599 1800 952 1851 insolentiam
1009 1808 1063 1851 et
1119 1800 1475 1852 iactationem
1529 1800 1675 1851 ferre
1723 1818 1834 1851 non

87 1898 263 1957 potes,
303 1891 475 1958 eligas
519 1908 721 1943 censeo
765 1891 985 1959 aliquod
1029 1891 1292 1958 oppidum
1321 1909 1557 1942 vacuum
1599 1908 1631 1942 a
1671 1891 1831 1952 bellO,

87 1982 216 2032 dum
246 1982 383 2034 haec
416 1983 794 2034 decernuntur
822 1999 962 2049 quae
992 1982 1098 2033 iam
1130 1990 1291 2033 erunt
1322 1982 1595 2034 confecta.
1683 1982 1746 2032 Id
1790 1982 1835 2032 si

86 2072 302 2133 feceriS,
327 2080 381 2123 et
408 2090 511 2140 ego
534 2080 591 2124 te
622 2073 905 2140 sapienter
933 2073 1136 2125 fecisse
1166 2073 1420 2124 iudicabo
1451 2081 1505 2123 et
1540 2073 1833 2124 Caesarem

87 2180 197 2213 non
228 2163 498 2215 offendes

144 2301 179 2341 3.
211 2290 269 2328 de
303 2290 587 2341 Hispaniis:
631 2290 793 2329 Caesar
828 2290 915 2329 had
1003 2291 1285 2330 —litteras:
1318 2290 1528 2343 probably
1549 2292 1634 2329 Att.
1663 2302 1722 2329 10.
1744 2290 1768 2329 8
1794 2301 1833 2328 B.

86 2351 151 2384 set
173 2352 250 2384 out
271 2345 340 2384 for
364 2346 495 2396 Spain
516 2346 558 2384 in
583 2346 656 2385 the
684 2347 800 2399 early
821 2353 916 2398 part
1003 2347 1450 2385 —contendissem:
1474 2347 1574 2385 here
1597 2347 1831 2385 transitive.

86 2400 134 2439 of
178 2401 312 2452 April.
331 2425 382 2430 —
401 2402 480 2441 isti
502 2416 510 2439 :
559 2403 620 2440 lle.
663 2402 736 2441 the
789 2403 917 2441 Pom-
1006 2402 1074 2441 Cf.
1100 2403 1202 2441 Intr.
1225 2402 1278 2453 83
1300 2417 1337 2440 a.

85 2456 246 2507 peians.
264 2481 319 2485 —
335 2458 581 2496 accedere:
605 2458 646 2495 in
665 2458 915 2508 apposition
1062 2468 1097 2510 5.
1140 2459 1300 2497 sciens
1341 2458 1648 2509 prudensque
1672 2473 1681 2497 ε
1733 2463 1742 2480 ‘
1760 2458 1833 2496 the

86 2519 131 2551 to
153 2518 289 2552 tuum
314 2513 582 2552 consilium.
624 2514 663 2551 A
686 2526 806 2552 more
827 2527 915 2565 reg·
1002 2513 1243 2565 proverbial
1285 2514 1533 2564 expression
1569 2516 1702 2553 sciens
1726 2520 1832 2564 pru-

87 2568 178 2606 ular
217 2569 509 2607 construction
545 2569 687 2607 would
727 2569 780 2608 be
811 2583 916 2609 acce·
1002 2570 1196 2620 densque,
1219 2583 1268 2608 or
1286 2571 1482 2619 prudens
1511 2575 1551 2608 et
1576 2571 1722 2617 sciens,
1746 2582 1832 2608 was

86 2625 503 2664 dendi.—medius
535 2625 704 2664 fidius:
747 2625 799 2664 cf.
835 2626 912 2676 Ep.
1004 2625 1110 2664 used
1152 2625 1199 2663 of
1248 2638 1331 2664 one
1376 2626 1471 2663 who
1515 2625 1638 2664 takes
1680 2638 1733 2663 an
1775 2626 1833 2663 ill-

88 2679 237 2717 XVII.
263 2691 283 2717 2
308 2693 346 2717 n.
1002 2680 1181 2719 advised
1204 2693 1356 2719 course
1374 2681 1472 2719 with
1493 2681 1558 2719 his
1581 2694 1678 2733 eyes
1697 2694 1807 2731 open
1822 2681 1831 2698 '

141 2747 177 2783 4.
229 2735 464 2775 dicendo:
516 2736 589 2774 the
630 2736 712 2775 abl.
755 2736 802 2774 of
842 2736 914 2775 the
1005 2735 1435 2787 (Landgraf,318).—
1453 2743 1534 2776 aut
1552 2743 1828 2783 voces,etc.:

85 2790 249 2840 gerund
280 2791 514 2842 indicating
543 2804 721 2830 manner
750 2792 786 2831 is
822 2805 914 2830 rare
1001 2794 1061 2829 zle.
1077 2792 1149 2830 the
1165 2792 1421 2842 reproaches
1438 2793 1483 2830 of
1499 2793 1570 2830 the
1587 2792 1831 2843 Optimates

86 2844 235 2885 before
260 2847 401 2899 Livy's
423 2847 538 2885 time.
595 2847 676 2890 Cf..
700 2847 912 2892 however,
1002 2860 1058 2885 on
1091 2847 1163 2886 the
1195 2861 1277 2885 one
1310 2847 1438 2892 hand,
1462 2860 1510 2886 or
1541 2848 1614 2886 the
1645 2848 1831 2886 insolent

85 2901 236 2940 bellum
261 2903 520 2940 ambulando
537 2903 814 2953 confecerunt,
834 2903 912 2953 Ep.
1002 2902 1237 2941 demeanor
1273 2902 1321 2940 of
1360 2903 1433 2941 the
1476 2903 1732 2942 Caesarians
1775 2916 1829 2941 on

88 2956 300 2995 XLVIII.
351 2969 383 3002 1,
425 2958 518 2996 also
567 2957 678 2995 from
726 2958 912 2997 Caelius.
1003 2958 1076 2997 the
1108 2958 1244 2997 other.
