2067 3332
237 179 293 219 80
803 180 1079 218 CICERO’S
1124 178 1410 219 LETTERS.
1677 180 1775 232 [Ep.
1800 181 1974 219 XVIII.

239 320 398 386 quod,
433 337 557 370 cum
599 319 653 369 in
699 318 925 386 Sigeum
964 319 1223 380 venisset,
1258 319 1575 370 Alexander
1615 320 1683 370 ab
1728 320 1973 370 Homero

239 409 446 460 Achilli
473 410 743 460 tributum
767 425 887 460 esse
911 409 1060 470 dixit,
1083 410 1179 460 sed
1211 410 1372 460 etiam
1402 426 1567 476 grave
1597 410 1972 461 testimonium

239 499 575 566 impertitum
633 499 763 550 clari
817 499 1050 549 hominis
1105 500 1399 566 magnique
1440 499 1703 550 videatur.
1790 500 1972 551 Placet

239 589 382 639 enim
416 589 631 639 Hector
664 589 753 639 ille
791 589 922 639 mihi
965 589 1281 639 Naevianus
1312 589 1403 655 qui
1433 606 1542 639 non
1585 597 1800 640 tantum
1836 590 1974 640 ‘lau-

238 677 381 729 dari’
409 696 468 730 se
497 679 749 740 laetatur,
776 680 872 730 sed
902 679 1050 730 addit
1082 679 1245 730 etiam
1279 689 1290 710 ‘
1309 696 1339 729 a
1367 679 1588 729 laudato
1611 678 1758 730 vir0.’
1809 680 1972 746 Quod

238 769 284 819 si
322 786 354 819 a
395 776 451 819 te
492 786 603 819 non
646 770 893 835 impetrO,
927 769 1031 820 hoc
1075 777 1173 830 est,
1208 770 1252 820 si
1281 786 1419 836 quae
1461 778 1518 820 te
1552 786 1639 820 res
1668 763 1972 836 impedierit

237 876 509 926 —neque
539 860 683 910 enim
712 860 797 910 fas
828 876 949 910 esse
978 859 1212 910 arbitror
1241 859 1527 926 quicquam
1558 876 1645 909 me
1687 868 1972 926 rogantem

237 949 335 1000 abs
388 956 446 1000 te
498 967 609 1000 non
665 950 971 1016 impetrare,
993 982 1068 986 —
1097 966 1260 1016 cogar
1313 949 1550 1000 fortasse
1603 949 1787 1000 facere
1828 951 1973 1016 quod

238 1039 490 1090 nonnulli
518 1056 681 1106 saepe
711 1040 1150 1105 reprehendunt:
1192 1039 1423 1090 scribam
1466 1040 1582 1106 ipse
1612 1040 1679 1090 de
1707 1056 1809 1100 me,
1842 1040 1974 1090 mul-

237 1136 419 1180 torum
449 1137 636 1180 tamen
667 1129 916 1195 exemplo
946 1137 1000 1179 et
1032 1129 1300 1180 clarorum
1330 1129 1582 1180 virorum.
1668 1129 1795 1190 Sed,
1828 1130 1973 1196 quod

238 1228 295 1271 te
338 1237 447 1270 non
489 1220 649 1286 fugit,
695 1220 830 1271 haec
873 1228 1001 1270 sunt
1045 1220 1099 1270 in
1141 1220 1244 1270 hoc
1289 1236 1492 1286 genere
1534 1219 1688 1270 vitia:
1731 1227 1783 1270 et
1827 1236 1973 1270 vere-

239 1310 470 1360 cundius
511 1310 612 1376 ipsi
653 1311 722 1360 de
763 1326 885 1360 sese
929 1310 1169 1361 scribant
1213 1326 1443 1360 necesse
1487 1317 1586 1370 est,
1632 1310 1677 1360 si
1717 1310 1845 1377 quid
1888 1318 1972 1361 est

238 1400 586 1460 laudandum,
615 1407 668 1450 et
698 1408 1064 1466 praetereant,
1093 1400 1137 1450 si
1166 1400 1293 1467 quid
1326 1400 1839 1467 reprehendendum
1871 1409 1967 1452 est.

239 1490 475 1541 Accedit
506 1491 669 1541 etiam
701 1498 760 1540 ut
790 1490 967 1540 minor
997 1491 1065 1541 sit
1097 1491 1247 1550 fides,
1275 1491 1452 1541 minor
1481 1490 1793 1551 auctoritaS‚
1816 1491 1974 1541 multi

239 1581 475 1647 denique
499 1581 906 1647 reprehendant
933 1588 987 1631 et
1014 1581 1196 1631 dicant
1222 1581 1644 1631 verecundiores
1675 1598 1796 1631 esse
1825 1598 1972 1648 prae-

238 1687 404 1721 cones
447 1670 699 1721 ludorum
744 1670 1144 1738 gymnicorum,
1192 1670 1284 1737 qui
1326 1687 1448 1721 cum
1493 1670 1689 1721 ceteris
1745 1688 1973 1722 coronas

237 1760 596 1826 imposuerint
639 1760 939 1811 victoribus
989 1777 1289 1827 eorumque
1339 1760 1559 1811 nomina
1599 1778 1798 1827 magna
1838 1777 1973 1811 voce

236 1851 658 1916 pronuntiarint,
693 1868 816 1901 cum
846 1851 947 1917 ipsi
974 1859 1105 1901 ante
1147 1850 1399 1901 ludorum
1429 1851 1742 1901 missionem
1773 1868 1974 1902 corona

237 1941 529 2001 donentur,
576 1940 740 1991 alium
782 1957 1110 2007 praeconem
1145 1941 1456 2001 adhibeant,
1491 1957 1560 1991 ne
1602 1958 1699 1991 sua
1738 1958 1872 1991 voce
1914 1957 1973 1991 se

237 2030 338 2097 ipsi
365 2031 602 2081 victores
633 2047 755 2081 esse
784 2030 1119 2097 praedicent.
1210 2031 1365 2081 Haec
1396 2048 1495 2081 nos
1524 2031 1695 2081 vitare
1726 2031 1972 2097 cupimus

237 2129 310 2180 et,
342 2121 386 2171 si
415 2121 608 2187 recipis
639 2138 857 2171 causam
888 2128 1148 2181 nostram,
1180 2121 1488 2180 vitabimUS,
1522 2121 1684 2186 idque
1714 2128 1772 2170 ut
1804 2120 1970 2171 facias

237 2227 509 2277 rogamus
613 2211 700 2261 Ac
743 2227 813 2261 ne
861 2211 1008 2261 forte
1058 2210 1254 2260 mirere
1303 2228 1413 2270 cur,
1456 2228 1578 2261 cum
1626 2210 1756 2260 mihi
1810 2213 1972 2276 saepe

236 2300 542 2351 ostenderis
586 2308 641 2351 te
681 2300 1091 2351 accuratissime
1135 2308 1448 2350 nostrorum
1498 2308 1805 2366 temporum
1848 2316 1972 2350 con-

236 2390 352 2440 silia
393 2398 561 2458 atque
603 2399 835 2441 eventus
880 2390 1078 2441 litteris
1123 2391 1524 2450 mandaturum,
1563 2407 1593 2440 a
1634 2398 1690 2440 te
1732 2390 1782 2439 id
1826 2406 1971 2440 nunc

235 2546 343 2574 curn
363 2536 409 2574 in
430 2536 628 2586 Sigeum
645 2536 878 2574 venisset:
897 2535 949 2574 cf.
970 2535 1058 2574 Cic.

226 2597 311 2640 pro
340 2592 472 2629 Arclz.
504 2592 838 2639 24.—-Hector
880 2591 1059 2630 Naevi-

234 2657 355 2685 anus
380 2661 387 2683 :
419 2648 481 2684 tle.
508 2647 674 2684 Hector
703 2647 745 2684 in
778 2647 850 2684 the
882 2646 1059 2698 tragedy

236 2701 410 2752 (Hector
440 2702 727 2752 proficiscens)
766 2701 812 2739 of
854 2702 1057 2740 Naevius.

235 2756 424 2806 VVriting
445 2763 490 2794 to
513 2757 578 2795 his
601 2757 769 2808 literary
790 2756 930 2794 friend
956 2758 1058 2794 Luc-

233 2811 362 2856 ceius,
396 2812 550 2850 Cicero
582 2812 687 2850 cites
719 2812 791 2850 the
827 2818 949 2850 exact
990 2824 1059 2849 au-

233 2867 394 2918 thority
409 2867 582 2917 (Hector
593 2868 860 2917 Mzevianus)
878 2867 1058 2904 without

233 2922 481 2960 hesitation.
557 2922 606 2959 In
647 2934 672 2959 a
705 2922 829 2960 letter
864 2928 909 2959 to
946 2921 1057 2959 Cato

236 2977 840 3027 (Ep.XXXV111.),making
855 2977 925 3015 the
940 2989 1058 3014 same

232 3033 474 3083 quotation,
498 3032 551 3070 he
574 3031 696 3077 adds,
721 3033 861 3082 inquit
888 3033 1055 3077 flector,

233 3097 411 3125 OPINOR
440 3088 559 3137 apud
577 3089 804 3125 Naevium.

1201 2534 1239 2573 8.
1264 2535 1471 2574 scribam
1494 2535 1596 2586 ipse
1620 2535 1677 2573 de
1701 2546 1795 2573 me:
1819 2534 1971 2573 Cicero

1147 2589 1231 2628 had
1254 2590 1424 2642 already
1441 2590 1604 2629 written
1627 2603 1651 2628 a
1669 2596 1677 2611 ⁴
1698 2590 1880 2628 Memoir
1896 2590 1904 2606 '
1926 2588 1973 2627 of

1147 2645 1212 2684 his
1234 2645 1484 2695 consulship
1506 2646 1546 2683 in
1579 2645 1720 2684 Greek
1746 2645 1850 2696 (Att.
1876 2656 1909 2682 2.
1936 2655 1970 2682 1.

1151 2712 1189 2749 1;
1216 2712 1249 2738 1.
1269 2712 1331 2739 20.
1350 2701 1407 2749 6),
1431 2700 1515 2738 and
1539 2708 1625 2738 two
1647 2713 1768 2752 years
1790 2701 1898 2738 later
1918 2699 1971 2738 he

1146 2755 1381 2806 composed
1404 2768 1429 2793 a
1449 2769 1575 2806 poem
1604 2755 1646 2793 in
1679 2755 1798 2794 three
1827 2754 1969 2793 books

1147 2824 1262 2861 upon
1286 2811 1358 2849 the
1380 2824 1497 2849 same
1518 2810 1685 2861 subject
1711 2810 1848 2861 (Fam.
1876 2821 1907 2847 1.
1932 2821 1968 2860 9.

1148 2866 1603 2917 23).——mu1t0rum:
1635 2879 1704 2914 eg.
1739 2865 1856 2904 Sulla
1885 2864 1970 2903 and

1148 2922 1205 2958 M.
1238 2922 1506 2959 Scaurus.—
1526 2931 1816 2971 praecones:
1862 2920 1972 2958 after

1146 2976 1218 3014 the
1237 2977 1361 3014 other
1382 2983 1574 3018 contests
1593 2976 1664 3013 the
1686 2975 1856 3014 heralds
1874 2988 1970 3013 con-

1146 3030 1304 3069 tended
1327 3031 1425 3069 with
1454 3044 1536 3069 one
1568 3031 1762 3075 another,
1791 3029 1875 3069 and
1899 3030 1970 3068 the

1146 3086 1283 3124 victor
1304 3085 1498 3124 received
1526 3099 1551 3124 a
1573 3085 1744 3124 wreath.
