<?xml version="1.0" encoding="UTF-8"?>
<!DOCTYPE html PUBLIC "-//W3C//DTD XHTML 1.0 Transitional//EN"
    "http://www.w3.org/TR/xhtml1/DTD/xhtml1-transitional.dtd">
<html xmlns="http://www.w3.org/1999/xhtml" xml:lang="en" lang="en">
 <head>
  <title>
</title>
<meta http-equiv="Content-Type" content="text/html;charset=utf-8" />
  <meta name='ocr-system' content='tesseract 3.04.00' />
  <meta name='ocr-capabilities' content='ocr_page ocr_carea ocr_par ocr_line ocrx_word'/>
</head>
<body>
  <div class='ocr_page' id='page_1' title='image "./selectedletterso1898cice_0201.png"; bbox 0 0 2067 3332; ppageno 0'>
   <div class='ocr_carea' id='block_1_1' title="bbox 68 147 1821 200">
    <p class='ocr_par' dir='ltr' id='par_1_1' title="bbox 68 147 1821 200">
     <span class='ocr_line' id='line_1_1' title="bbox 68 147 1821 200; baseline 0 -12"><span class='ocrx_word' id='word_1_1' title='bbox 68 151 188 189; x_wconf 72' lang='lat' dir='ltr'>Fam.</span> <span class='ocrx_word' id='word_1_2' title='bbox 215 161 274 200; x_wconf 89' lang='lat'>13.</span> <span class='ocrx_word' id='word_1_3' title='bbox 304 148 356 200; x_wconf 89' lang='lat'>1.]</span> <span class='ocrx_word' id='word_1_4' title='bbox 644 147 922 186; x_wconf 81' lang='lat' dir='ltr'>CICERo’s</span> <span class='ocrx_word' id='word_1_5' title='bbox 967 147 1256 186; x_wconf 77' lang='lat' dir='ltr'><strong>LETTERS.</strong></span> <span class='ocrx_word' id='word_1_6' title='bbox 1742 148 1821 188; x_wconf 88' lang='lat'>119</span> 
     </span>
    </p>
   </div>
   <div class='ocr_carea' id='block_1_2' title="bbox 65 287 1818 2538">
    <p class='ocr_par' dir='ltr' id='par_1_2' title="bbox 65 287 1818 2538">
     <span class='ocr_line' id='line_1_2' title="bbox 69 287 1818 356; baseline -0.001 -15"><span class='ocrx_word' id='word_1_7' title='bbox 69 298 255 341; x_wconf 91' lang='lat' dir='ltr'>tamen</span> <span class='ocrx_word' id='word_1_8' title='bbox 300 287 473 339; x_wconf 94' lang='lat' dir='ltr'>multo</span> <span class='ocrx_word' id='word_1_9' title='bbox 516 288 700 339; x_wconf 92' lang='lat' dir='ltr'>minus</span> <span class='ocrx_word' id='word_1_10' title='bbox 744 287 846 339; x_wconf 93' lang='lat' dir='ltr'>tibi</span> <span class='ocrx_word' id='word_1_11' title='bbox 885 287 1116 339; x_wconf 89' lang='lat' dir='ltr'>concedi</span> <span class='ocrx_word' id='word_1_12' title='bbox 1155 295 1342 354; x_wconf 90' lang='lat' dir='ltr'>potest</span> <span class='ocrx_word' id='word_1_13' title='bbox 1372 306 1537 356; x_wconf 90' lang='lat' dir='ltr'>quam</span> <span class='ocrx_word' id='word_1_14' title='bbox 1567 288 1645 338; x_wconf 91' lang='lat' dir='ltr'>illi</span> <span class='ocrx_word' id='word_1_15' title='bbox 1674 288 1818 340; x_wconf 92' lang='lat' dir='ltr'>labo-</span> 
     </span>
     <span class='ocr_line' id='line_1_3' title="bbox 68 378 1816 446; baseline -0.001 -15"><span class='ocrx_word' id='word_1_16' title='bbox 68 397 188 431; x_wconf 93' lang='lat' dir='ltr'>rare</span> <span class='ocrx_word' id='word_1_17' title='bbox 217 379 337 431; x_wconf 92' lang='lat' dir='ltr'>sine</span> <span class='ocrx_word' id='word_1_18' title='bbox 377 397 558 432; x_wconf 91' lang='lat' dir='ltr'>causa.</span> <span class='ocrx_word' id='word_1_19' title='bbox 644 379 997 446; x_wconf 76' lang='lat' dir='ltr'><strong>Quamquam</strong></span> <span class='ocrx_word' id='word_1_20' title='bbox 1035 379 1288 429; x_wconf 78' lang='lat' dir='ltr'>Patronis</span> <span class='ocrx_word' id='word_1_21' title='bbox 1328 386 1382 429; x_wconf 94' lang='lat' dir='ltr'>et</span> <span class='ocrx_word' id='word_1_22' title='bbox 1413 378 1721 430; x_wconf 90' lang='lat' dir='ltr'>orationem</span> <span class='ocrx_word' id='word_1_23' title='bbox 1762 387 1816 430; x_wconf 97' lang='lat' dir='ltr'>et</span> 
     </span>
     <span class='ocr_line' id='line_1_4' title="bbox 68 469 1818 537; baseline -0.002 -14"><span class='ocrx_word' id='word_1_24' title='bbox 68 488 292 523; x_wconf 90' lang='lat' dir='ltr'>causam</span> <span class='ocrx_word' id='word_1_25' title='bbox 337 471 439 522; x_wconf 91' lang='lat' dir='ltr'>tibi</span> <span class='ocrx_word' id='word_1_26' title='bbox 488 469 770 537; x_wconf 81' lang='lat' dir='ltr'>cognitam</span> <span class='ocrx_word' id='word_1_27' title='bbox 822 485 946 520; x_wconf 91' lang='lat' dir='ltr'>esse</span> <span class='ocrx_word' id='word_1_28' title='bbox 990 477 1142 520; x_wconf 93' lang='lat' dir='ltr'>certo</span> <span class='ocrx_word' id='word_1_29' title='bbox 1186 469 1334 521; x_wconf 91' lang='lat' dir='ltr'>scio:</span> <span class='ocrx_word' id='word_1_30' title='bbox 1390 470 1655 520; x_wconf 85' lang='lat' dir='ltr'>honorem</span> <span class='ocrx_word' id='word_1_31' title='bbox 1705 470 1818 520; x_wconf 83' lang='lat' dir='ltr'>offi-</span> 
     </span>
     <span class='ocr_line' id='line_1_5' title="bbox 68 559 1818 626; baseline -0.001 -13"><span class='ocrx_word' id='word_1_32' title='bbox 68 562 229 623; x_wconf 92' lang='lat' dir='ltr'>cium,</span> <span class='ocrx_word' id='word_1_33' title='bbox 263 569 727 612; x_wconf 80' lang='lat' dir='ltr'><strong>testamentorum</strong></span> <span class='ocrx_word' id='word_1_34' title='bbox 759 560 861 621; x_wconf 91' lang='lat' dir='ltr'>ius,</span> <span class='ocrx_word' id='word_1_35' title='bbox 890 559 1116 626; x_wconf 88' lang='lat' dir='ltr'>Epicuri</span> <span class='ocrx_word' id='word_1_36' title='bbox 1146 560 1554 622; x_wconf 91' lang='lat' dir='ltr'>auctoritatem,</span> <span class='ocrx_word' id='word_1_37' title='bbox 1585 561 1818 611; x_wconf 77' lang='lat' dir='ltr'>Phaedri</span> 
     </span>
     <span class='ocr_line' id='line_1_6' title="bbox 68 650 1815 719; baseline -0.001 -15"><span class='ocrx_word' id='word_1_38' title='bbox 68 652 520 713; x_wconf 91' lang='lat' dir='ltr'>obtestationem,</span> <span class='ocrx_word' id='word_1_39' title='bbox 567 652 755 702; x_wconf 90' lang='lat' dir='ltr'>sedern</span> <span class='ocrx_word' id='word_1_40' title='bbox 801 650 1140 702; x_wconf 87' lang='lat' dir='ltr'>domicilium</span> <span class='ocrx_word' id='word_1_41' title='bbox 1190 651 1431 719; x_wconf 87' lang='lat' dir='ltr'>vestigia</span> <span class='ocrx_word' id='word_1_42' title='bbox 1473 669 1815 702; x_wconf 89' lang='lat' dir='ltr'>summorum</span> 
     </span>
     <span class='ocr_line' id='line_1_7' title="bbox 68 741 1814 794; baseline -0.001 0"><span class='ocrx_word' id='word_1_43' title='bbox 68 743 354 794; x_wconf 90' lang='lat' dir='ltr'>hominurn</span> <span class='ocrx_word' id='word_1_44' title='bbox 395 742 502 794; x_wconf 91' lang='lat' dir='ltr'>sibi</span> <span class='ocrx_word' id='word_1_45' title='bbox 532 743 740 793; x_wconf 92' lang='lat' dir='ltr'>tuenda</span> <span class='ocrx_word' id='word_1_46' title='bbox 769 758 892 793; x_wconf 94' lang='lat' dir='ltr'>esse</span> <span class='ocrx_word' id='word_1_47' title='bbox 922 741 1070 793; x_wconf 92' lang='lat' dir='ltr'>dicit.</span> <span class='ocrx_word' id='word_1_48' title='bbox 1143 742 1345 792; x_wconf 91' lang='lat' dir='ltr'>Totam</span> <span class='ocrx_word' id='word_1_49' title='bbox 1375 742 1615 793; x_wconf 77' lang='lat' dir='ltr'>hom-inis</span> <span class='ocrx_word' id='word_1_50' title='bbox 1649 743 1814 793; x_wconf 85' lang='lat' dir='ltr'>vitam</span> 
     </span>
     <span class='ocr_line' id='line_1_8' title="bbox 68 832 1816 900; baseline 0 -16"><span class='ocrx_word' id='word_1_51' title='bbox 68 833 452 900; x_wconf 78' lang='lat' dir='ltr'>rationemque</span> <span class='ocrx_word' id='word_1_52' title='bbox 487 850 650 900; x_wconf 91' lang='lat' dir='ltr'>quam</span> <span class='ocrx_word' id='word_1_53' title='bbox 691 832 943 899; x_wconf 88' lang='lat' dir='ltr'>sequitur</span> <span class='ocrx_word' id='word_1_54' title='bbox 981 833 1036 882; x_wconf 92' lang='lat' dir='ltr'>in</span> <span class='ocrx_word' id='word_1_55' title='bbox 1076 832 1427 899; x_wconf 79' lang='lat' dir='ltr'>philosophia</span> <span class='ocrx_word' id='word_1_56' title='bbox 1466 833 1816 884; x_wconf 79' lang='lat' dir='ltr'>derideamus</span> 
     </span>
     <span class='ocr_line' id='line_1_9' title="bbox 68 923 1817 990; baseline -0.001 -16"><span class='ocrx_word' id='word_1_57' title='bbox 68 924 213 985; x_wconf 92' lang='lat' dir='ltr'>licet,</span> <span class='ocrx_word' id='word_1_58' title='bbox 267 924 313 975; x_wconf 90' lang='lat' dir='ltr'>si</span> <span class='ocrx_word' id='word_1_59' title='bbox 368 924 511 975; x_wconf 90' lang='lat' dir='ltr'>hanc</span> <span class='ocrx_word' id='word_1_60' title='bbox 569 923 687 974; x_wconf 90' lang='lat' dir='ltr'>eius</span> <span class='ocrx_word' id='word_1_61' title='bbox 744 923 1164 974; x_wconf 88' lang='lat' dir='ltr'>contentionem</span> <span class='ocrx_word' id='word_1_62' title='bbox 1213 923 1469 974; x_wconf 88' lang='lat' dir='ltr'>volumus</span> <span class='ocrx_word' id='word_1_63' title='bbox 1526 924 1817 990; x_wconf 92' lang='lat' dir='ltr'>reprehen-</span> 
     </span>
     <span class='ocr_line' id='line_1_10' title="bbox 68 1013 1816 1081; baseline -0.001 -15"><span class='ocrx_word' id='word_1_64' title='bbox 68 1016 231 1078; x_wconf 89' lang='lat' dir='ltr'>dere;</span> <span class='ocrx_word' id='word_1_65' title='bbox 287 1015 384 1066; x_wconf 91' lang='lat' dir='ltr'>sed</span> <span class='ocrx_word' id='word_1_66' title='bbox 441 1013 806 1075; x_wconf 85' lang='lat' dir='ltr'>mehercules,</span> <span class='ocrx_word' id='word_1_67' title='bbox 860 1014 1119 1081; x_wconf 91' lang='lat' dir='ltr'>quoniam</span> <span class='ocrx_word' id='word_1_68' title='bbox 1175 1014 1253 1064; x_wconf 90' lang='lat' dir='ltr'>illi</span> <span class='ocrx_word' id='word_1_69' title='bbox 1308 1013 1622 1081; x_wconf 89' lang='lat' dir='ltr'>ceterisque</span> <span class='ocrx_word' id='word_1_70' title='bbox 1678 1032 1816 1081; x_wconf 88' lang='lat' dir='ltr'>quos</span> 
     </span>
     <span class='ocr_line' id='line_1_11' title="bbox 68 1105 1818 1172; baseline -0.001 -15"><span class='ocrx_word' id='word_1_71' title='bbox 68 1106 160 1157; x_wconf 89' lang='lat' dir='ltr'>illa</span> <span class='ocrx_word' id='word_1_72' title='bbox 188 1105 469 1157; x_wconf 91' lang='lat' dir='ltr'>delectant</span> <span class='ocrx_word' id='word_1_73' title='bbox 500 1122 611 1156; x_wconf 89' lang='lat' dir='ltr'>non</span> <span class='ocrx_word' id='word_1_74' title='bbox 641 1105 801 1156; x_wconf 84' lang='lat' dir='ltr'>valde</span> <span class='ocrx_word' id='word_1_75' title='bbox 836 1105 1043 1156; x_wconf 90' lang='lat' dir='ltr'>inimici</span> <span class='ocrx_word' id='word_1_76' title='bbox 1082 1122 1287 1166; x_wconf 91' lang='lat' dir='ltr'>sumus,</span> <span class='ocrx_word' id='word_1_77' title='bbox 1321 1105 1510 1156; x_wconf 93' lang='lat' dir='ltr'>nescio</span> <span class='ocrx_word' id='word_1_78' title='bbox 1553 1122 1622 1155; x_wconf 91' lang='lat' dir='ltr'>an</span> <span class='ocrx_word' id='word_1_79' title='bbox 1667 1105 1818 1172; x_wconf 92' lang='lat' dir='ltr'>igno-</span> 
     </span>
     <span class='ocr_line' id='line_1_12' title="bbox 69 1195 1817 1263; baseline -0.001 -15"><span class='ocrx_word' id='word_1_80' title='bbox 69 1197 336 1248; x_wconf 88' lang='lat' dir='ltr'>scendum</span> <span class='ocrx_word' id='word_1_81' title='bbox 381 1196 451 1248; x_wconf 89' lang='lat' dir='ltr'>sit</span> <span class='ocrx_word' id='word_1_82' title='bbox 494 1196 637 1258; x_wconf 89' lang='lat' dir='ltr'>huic,</span> <span class='ocrx_word' id='word_1_83' title='bbox 672 1195 719 1247; x_wconf 92' lang='lat' dir='ltr'>si</span> <span class='ocrx_word' id='word_1_84' title='bbox 757 1203 1049 1263; x_wconf 89' lang='lat' dir='ltr'>tantopere</span> <span class='ocrx_word' id='word_1_85' title='bbox 1091 1195 1330 1258; x_wconf 91' lang='lat' dir='ltr'>laborat;</span> <span class='ocrx_word' id='word_1_86' title='bbox 1374 1196 1429 1246; x_wconf 89' lang='lat' dir='ltr'>in</span> <span class='ocrx_word' id='word_1_87' title='bbox 1460 1213 1568 1263; x_wconf 87' lang='lat' dir='ltr'>quo</span> <span class='ocrx_word' id='word_1_88' title='bbox 1599 1196 1817 1247; x_wconf 90' lang='lat' dir='ltr'>etiamsi</span> 
     </span>
     <span class='ocr_line' id='line_1_13' title="bbox 68 1287 1817 1355; baseline -0.001 -16"><span class='ocrx_word' id='word_1_89' title='bbox 68 1295 279 1355; x_wconf 93' lang='lat' dir='ltr'>peccat,</span> <span class='ocrx_word' id='word_1_90' title='bbox 312 1287 489 1355; x_wconf 90' lang='lat' dir='ltr'>magis</span> <span class='ocrx_word' id='word_1_91' title='bbox 534 1287 762 1354; x_wconf 91' lang='lat' dir='ltr'>ineptiis</span> <span class='ocrx_word' id='word_1_92' title='bbox 805 1304 969 1354; x_wconf 90' lang='lat' dir='ltr'>quam</span> <span class='ocrx_word' id='word_1_93' title='bbox 1011 1287 1369 1354; x_wconf 89' lang='lat' dir='ltr'>improbitate</span> <span class='ocrx_word' id='word_1_94' title='bbox 1408 1294 1617 1354; x_wconf 90' lang='lat' dir='ltr'>peccat.</span> <span class='ocrx_word' id='word_1_95' title='bbox 1706 1287 1817 1338; x_wconf 84' lang='lat' dir='ltr'>Sed</span> 
     </span>
     <span class='ocr_line' id='line_1_14' title="bbox 69 1378 1815 1446; baseline 0 -17"><span class='ocrx_word' id='word_1_96' title='bbox 69 1396 139 1430; x_wconf 90' lang='lat' dir='ltr'>ne</span> <span class='ocrx_word' id='word_1_97' title='bbox 161 1378 318 1446; x_wconf 90' lang='lat' dir='ltr'>plura</span> <span class='ocrx_word' id='word_1_98' title='bbox 334 1411 408 1417; x_wconf 93' lang='lat'>—</span> <span class='ocrx_word' id='word_1_99' title='bbox 427 1378 724 1430; x_wconf 89' lang='lat' dir='ltr'>dicendum</span> <span class='ocrx_word' id='word_1_100' title='bbox 748 1378 896 1429; x_wconf 91' lang='lat' dir='ltr'>enim</span> <span class='ocrx_word' id='word_1_101' title='bbox 920 1378 1214 1445; x_wconf 90' lang='lat' dir='ltr'>aliquando</span> <span class='ocrx_word' id='word_1_102' title='bbox 1240 1386 1324 1429; x_wconf 89' lang='lat' dir='ltr'>est</span> <span class='ocrx_word' id='word_1_103' title='bbox 1340 1409 1426 1439; x_wconf 89' lang='lat'>—,</span> <span class='ocrx_word' id='word_1_104' title='bbox 1454 1379 1815 1445; x_wconf 89' lang='lat' dir='ltr'>Pomponium</span> 
     </span>
     <span class='ocr_line' id='line_1_15' title="bbox 69 1468 1816 1521; baseline 0 -2"><span class='ocrx_word' id='word_1_105' title='bbox 69 1469 325 1521; x_wconf 89' lang='lat' dir='ltr'>Atticum</span> <span class='ocrx_word' id='word_1_106' title='bbox 376 1469 455 1521; x_wconf 92' lang='lat' dir='ltr'>sic</span> <span class='ocrx_word' id='word_1_107' title='bbox 504 1486 628 1520; x_wconf 91' lang='lat' dir='ltr'>amo</span> <span class='ocrx_word' id='word_1_108' title='bbox 671 1476 731 1520; x_wconf 94' lang='lat' dir='ltr'>ut</span> <span class='ocrx_word' id='word_1_109' title='bbox 775 1468 1011 1520; x_wconf 92' lang='lat' dir='ltr'>alterum</span> <span class='ocrx_word' id='word_1_110' title='bbox 1061 1469 1309 1521; x_wconf 77' lang='lat' dir='ltr'>fratrem.</span> <span class='ocrx_word' id='word_1_111' title='bbox 1396 1469 1551 1519; x_wconf 88' lang='lat' dir='ltr'>Nihil</span> <span class='ocrx_word' id='word_1_112' title='bbox 1595 1476 1680 1520; x_wconf 94' lang='lat' dir='ltr'>est</span> <span class='ocrx_word' id='word_1_113' title='bbox 1725 1469 1816 1520; x_wconf 93' lang='lat' dir='ltr'>illo</span> 
     </span>
     <span class='ocr_line' id='line_1_16' title="bbox 69 1559 1818 1629; baseline 0 -19"><span class='ocrx_word' id='word_1_114' title='bbox 69 1559 204 1610; x_wconf 92' lang='lat' dir='ltr'>mihi</span> <span class='ocrx_word' id='word_1_115' title='bbox 228 1577 331 1612; x_wconf 92' lang='lat' dir='ltr'>nec</span> <span class='ocrx_word' id='word_1_116' title='bbox 355 1560 534 1612; x_wconf 89' lang='lat' dir='ltr'>carius</span> <span class='ocrx_word' id='word_1_117' title='bbox 559 1577 662 1611; x_wconf 90' lang='lat' dir='ltr'>nec</span> <span class='ocrx_word' id='word_1_118' title='bbox 686 1559 996 1611; x_wconf 92' lang='lat' dir='ltr'>iucundius.</span> <span class='ocrx_word' id='word_1_119' title='bbox 1085 1560 1140 1610; x_wconf 90' lang='lat' dir='ltr'>Is</span> <span class='ocrx_word' id='word_1_120' title='bbox 1168 1562 1296 1629; x_wconf 92' lang='lat' dir='ltr'>(non</span> <span class='ocrx_word' id='word_1_121' title='bbox 1331 1577 1438 1626; x_wconf 88' lang='lat' dir='ltr'>quo</span> <span class='ocrx_word' id='word_1_122' title='bbox 1471 1559 1540 1610; x_wconf 90' lang='lat' dir='ltr'>sit</span> <span class='ocrx_word' id='word_1_123' title='bbox 1573 1576 1640 1610; x_wconf 85' lang='lat' dir='ltr'>ex</span> <span class='ocrx_word' id='word_1_124' title='bbox 1669 1559 1818 1621; x_wconf 90' lang='lat' dir='ltr'>istis;</span> 
     </span>
     <span class='ocr_line' id='line_1_17' title="bbox 69 1650 1818 1717; baseline -0.001 -15"><span class='ocrx_word' id='word_1_125' title='bbox 69 1659 154 1703; x_wconf 91' lang='lat' dir='ltr'>est</span> <span class='ocrx_word' id='word_1_126' title='bbox 185 1651 333 1702; x_wconf 91' lang='lat' dir='ltr'>enim</span> <span class='ocrx_word' id='word_1_127' title='bbox 373 1650 524 1702; x_wconf 91' lang='lat' dir='ltr'>omni</span> <span class='ocrx_word' id='word_1_128' title='bbox 562 1650 776 1702; x_wconf 90' lang='lat' dir='ltr'>liberali</span> <span class='ocrx_word' id='word_1_129' title='bbox 819 1651 1074 1702; x_wconf 88' lang='lat' dir='ltr'>doctrina</span> <span class='ocrx_word' id='word_1_130' title='bbox 1114 1650 1498 1717; x_wconf 78' lang='lat' dir='ltr'>politissimUS,</span> <span class='ocrx_word' id='word_1_131' title='bbox 1532 1651 1627 1701; x_wconf 88' lang='lat' dir='ltr'>sed</span> <span class='ocrx_word' id='word_1_132' title='bbox 1659 1650 1818 1701; x_wconf 87' lang='lat' dir='ltr'>valde</span> 
     </span>
     <span class='ocr_line' id='line_1_18' title="bbox 68 1741 1817 1810; baseline -0.001 -16"><span class='ocrx_word' id='word_1_133' title='bbox 68 1742 249 1810; x_wconf 85' lang='lat' dir='ltr'>diligit</span> <span class='ocrx_word' id='word_1_134' title='bbox 282 1744 594 1805; x_wconf 89' lang='lat' dir='ltr'>Patronem,</span> <span class='ocrx_word' id='word_1_135' title='bbox 627 1743 785 1794; x_wconf 90' lang='lat' dir='ltr'>valde</span> <span class='ocrx_word' id='word_1_136' title='bbox 818 1743 1126 1793; x_wconf 88' lang='lat' dir='ltr'>Phaedrum</span> <span class='ocrx_word' id='word_1_137' title='bbox 1167 1742 1392 1809; x_wconf 87' lang='lat' dir='ltr'>amavit)</span> <span class='ocrx_word' id='word_1_138' title='bbox 1426 1741 1504 1792; x_wconf 92' lang='lat' dir='ltr'>sic</span> <span class='ocrx_word' id='word_1_139' title='bbox 1535 1759 1566 1792; x_wconf 92' lang='lat' dir='ltr'>a</span> <span class='ocrx_word' id='word_1_140' title='bbox 1594 1758 1682 1792; x_wconf 93' lang='lat' dir='ltr'>me</span> <span class='ocrx_word' id='word_1_141' title='bbox 1712 1741 1817 1793; x_wconf 91' lang='lat' dir='ltr'>hoc</span> 
     </span>
     <span class='ocr_line' id='line_1_19' title="bbox 68 1833 1817 1900; baseline -0.002 -15"><span class='ocrx_word' id='word_1_142' title='bbox 68 1834 375 1896; x_wconf 89' lang='lat' dir='ltr'>contendit,</span> <span class='ocrx_word' id='word_1_143' title='bbox 408 1835 574 1885; x_wconf 94' lang='lat' dir='ltr'>homo</span> <span class='ocrx_word' id='word_1_144' title='bbox 605 1834 833 1885; x_wconf 91' lang='lat' dir='ltr'>minime</span> <span class='ocrx_word' id='word_1_145' title='bbox 862 1833 1206 1894; x_wconf 92' lang='lat' dir='ltr'>ambitiosus,</span> <span class='ocrx_word' id='word_1_146' title='bbox 1233 1833 1462 1883; x_wconf 90' lang='lat' dir='ltr'>minime</span> <span class='ocrx_word' id='word_1_147' title='bbox 1492 1833 1546 1882; x_wconf 92' lang='lat' dir='ltr'>in</span> <span class='ocrx_word' id='word_1_148' title='bbox 1571 1833 1817 1900; x_wconf 92' lang='lat' dir='ltr'>rogando</span> 
     </span>
     <span class='ocr_line' id='line_1_20' title="bbox 68 1923 1816 1992; baseline -0.001 -17"><span class='ocrx_word' id='word_1_149' title='bbox 68 1925 353 1987; x_wconf 91' lang='lat' dir='ltr'>molestus,</span> <span class='ocrx_word' id='word_1_150' title='bbox 388 1933 448 1976; x_wconf 90' lang='lat' dir='ltr'>ut</span> <span class='ocrx_word' id='word_1_151' title='bbox 479 1925 616 1976; x_wconf 92' lang='lat' dir='ltr'>nihil</span> <span class='ocrx_word' id='word_1_152' title='bbox 647 1942 906 1992; x_wconf 88' lang='lat' dir='ltr'>umquam</span> <span class='ocrx_word' id='word_1_153' title='bbox 941 1924 1133 1992; x_wconf 85' lang='lat' dir='ltr'>magiS‚</span> <span class='ocrx_word' id='word_1_154' title='bbox 1167 1941 1271 1975; x_wconf 92' lang='lat' dir='ltr'>nec</span> <span class='ocrx_word' id='word_1_155' title='bbox 1301 1924 1518 1975; x_wconf 90' lang='lat' dir='ltr'>dubitat</span> <span class='ocrx_word' id='word_1_156' title='bbox 1549 1923 1682 1991; x_wconf 91' lang='lat' dir='ltr'>quin</span> <span class='ocrx_word' id='word_1_157' title='bbox 1713 1941 1816 1990; x_wconf 91' lang='lat' dir='ltr'>ego</span> 
     </span>
     <span class='ocr_line' id='line_1_21' title="bbox 67 2014 1816 2084; baseline -0.002 -16"><span class='ocrx_word' id='word_1_158' title='bbox 67 2034 98 2068; x_wconf 89' lang='lat' dir='ltr'>a</span> <span class='ocrx_word' id='word_1_159' title='bbox 132 2024 188 2068; x_wconf 91' lang='lat' dir='ltr'>te</span> <span class='ocrx_word' id='word_1_160' title='bbox 237 2025 378 2068; x_wconf 93' lang='lat' dir='ltr'>nutu</span> <span class='ocrx_word' id='word_1_161' title='bbox 421 2017 526 2069; x_wconf 93' lang='lat' dir='ltr'>hoc</span> <span class='ocrx_word' id='word_1_162' title='bbox 573 2016 839 2084; x_wconf 89' lang='lat' dir='ltr'>consequi</span> <span class='ocrx_word' id='word_1_163' title='bbox 881 2032 1120 2083; x_wconf 91' lang='lat' dir='ltr'>possem,</span> <span class='ocrx_word' id='word_1_164' title='bbox 1166 2014 1385 2065; x_wconf 92' lang='lat' dir='ltr'>etiamsi</span> <span class='ocrx_word' id='word_1_165' title='bbox 1426 2014 1816 2065; x_wconf 88' lang='lat' dir='ltr'>aedificaturus</span> 
     </span>
     <span class='ocr_line' id='line_1_22' title="bbox 67 2105 1816 2171; baseline -0.002 -13"><span class='ocrx_word' id='word_1_166' title='bbox 67 2124 237 2160; x_wconf 86' lang='grc'>65565.</span> <span class='ocrx_word' id='word_1_167' title='bbox 326 2109 492 2160; x_wconf 92' lang='lat' dir='ltr'>Nunc</span> <span class='ocrx_word' id='word_1_168' title='bbox 531 2125 662 2159; x_wconf 91' lang='lat' dir='ltr'>vero</span> <span class='ocrx_word' id='word_1_169' title='bbox 706 2107 751 2158; x_wconf 92' lang='lat' dir='ltr'>si</span> <span class='ocrx_word' id='word_1_170' title='bbox 795 2106 1031 2158; x_wconf 90' lang='lat' dir='ltr'>audierit</span> <span class='ocrx_word' id='word_1_171' title='bbox 1070 2114 1126 2157; x_wconf 93' lang='lat' dir='ltr'>te</span> <span class='ocrx_word' id='word_1_172' title='bbox 1169 2105 1611 2157; x_wconf 88' lang='lat' dir='ltr'>aedificationem</span> <span class='ocrx_word' id='word_1_173' title='bbox 1654 2106 1816 2171; x_wconf 93' lang='lat' dir='ltr'>depo-</span> 
     </span>
     <span class='ocr_line' id='line_1_23' title="bbox 67 2196 1816 2267; baseline -0.002 -17"><span class='ocrx_word' id='word_1_174' title='bbox 67 2199 247 2250; x_wconf 92' lang='lat' dir='ltr'>suisse</span> <span class='ocrx_word' id='word_1_175' title='bbox 277 2216 458 2267; x_wconf 91' lang='lat' dir='ltr'>neque</span> <span class='ocrx_word' id='word_1_176' title='bbox 496 2207 684 2250; x_wconf 90' lang='lat' dir='ltr'>tamen</span> <span class='ocrx_word' id='word_1_177' title='bbox 723 2215 812 2249; x_wconf 89' lang='lat' dir='ltr'>me</span> <span class='ocrx_word' id='word_1_178' title='bbox 846 2215 877 2248; x_wconf 91' lang='lat' dir='ltr'>a</span> <span class='ocrx_word' id='word_1_179' title='bbox 910 2205 966 2248; x_wconf 90' lang='lat' dir='ltr'>te</span> <span class='ocrx_word' id='word_1_180' title='bbox 1005 2197 1348 2264; x_wconf 87' lang='lat' dir='ltr'>impetrasse,</span> <span class='ocrx_word' id='word_1_181' title='bbox 1387 2214 1498 2247; x_wconf 93' lang='lat' dir='ltr'>non</span> <span class='ocrx_word' id='word_1_182' title='bbox 1538 2204 1593 2246; x_wconf 94' lang='lat' dir='ltr'>te</span> <span class='ocrx_word' id='word_1_183' title='bbox 1633 2196 1688 2246; x_wconf 88' lang='lat' dir='ltr'>in</span> <span class='ocrx_word' id='word_1_184' title='bbox 1728 2213 1816 2246; x_wconf 92' lang='lat' dir='ltr'>me</span> 
     </span>
     <span class='ocr_line' id='line_1_24' title="bbox 66 2287 1816 2356; baseline -0.001 -17"><span class='ocrx_word' id='word_1_185' title='bbox 66 2289 426 2351; x_wconf 89' lang='lat' dir='ltr'>inliberalem,</span> <span class='ocrx_word' id='word_1_186' title='bbox 454 2291 552 2341; x_wconf 92' lang='lat' dir='ltr'>sed</span> <span class='ocrx_word' id='word_1_187' title='bbox 582 2307 670 2340; x_wconf 93' lang='lat' dir='ltr'>me</span> <span class='ocrx_word' id='word_1_188' title='bbox 701 2289 756 2339; x_wconf 93' lang='lat' dir='ltr'>in</span> <span class='ocrx_word' id='word_1_189' title='bbox 787 2306 846 2340; x_wconf 92' lang='lat' dir='ltr'>se</span> <span class='ocrx_word' id='word_1_190' title='bbox 876 2288 1272 2356; x_wconf 83' lang='lat' dir='ltr'>neglegentem</span> <span class='ocrx_word' id='word_1_191' title='bbox 1302 2287 1539 2354; x_wconf 91' lang='lat' dir='ltr'>putabit.</span> <span class='ocrx_word' id='word_1_192' title='bbox 1611 2287 1816 2354; x_wconf 77' lang='lat' dir='ltr'>Quam-</span> 
     </span>
     <span class='ocr_line' id='line_1_25' title="bbox 66 2377 1814 2448; baseline -0.003 -16"><span class='ocrx_word' id='word_1_193' title='bbox 66 2381 255 2432; x_wconf 92' lang='lat' dir='ltr'>obrem</span> <span class='ocrx_word' id='word_1_194' title='bbox 301 2389 432 2448; x_wconf 93' lang='lat' dir='ltr'>peto</span> <span class='ocrx_word' id='word_1_195' title='bbox 477 2398 508 2431; x_wconf 94' lang='lat' dir='ltr'>a</span> <span class='ocrx_word' id='word_1_196' title='bbox 550 2388 606 2431; x_wconf 90' lang='lat' dir='ltr'>te</span> <span class='ocrx_word' id='word_1_197' title='bbox 651 2388 709 2431; x_wconf 75' lang='lat' dir='ltr'>u‘t</span> <span class='ocrx_word' id='word_1_198' title='bbox 753 2380 963 2431; x_wconf 91' lang='lat' dir='ltr'>scribas</span> <span class='ocrx_word' id='word_1_199' title='bbox 1006 2380 1073 2430; x_wconf 92' lang='lat' dir='ltr'>ad</span> <span class='ocrx_word' id='word_1_200' title='bbox 1116 2387 1242 2429; x_wconf 92' lang='lat' dir='ltr'>tuos</span> <span class='ocrx_word' id='word_1_201' title='bbox 1285 2395 1450 2445; x_wconf 92' lang='lat' dir='ltr'>posse</span> <span class='ocrx_word' id='word_1_202' title='bbox 1489 2386 1585 2428; x_wconf 92' lang='lat' dir='ltr'>tua</span> <span class='ocrx_word' id='word_1_203' title='bbox 1625 2377 1814 2427; x_wconf 81' lang='lat' dir='ltr'>Volun-</span> 
     </span>
     <span class='ocr_line' id='line_1_26' title="bbox 65 2468 1814 2538; baseline -0.003 -17"><span class='ocrx_word' id='word_1_204' title='bbox 65 2479 181 2522; x_wconf 91' lang='lat' dir='ltr'>tate</span> <span class='ocrx_word' id='word_1_205' title='bbox 210 2473 495 2523; x_wconf 92' lang='lat' dir='ltr'>decretum</span> <span class='ocrx_word' id='word_1_206' title='bbox 521 2471 654 2522; x_wconf 89' lang='lat' dir='ltr'>illud</span> <span class='ocrx_word' id='word_1_207' title='bbox 685 2471 1168 2538; x_wconf 89' lang='lat' dir='ltr'>Areopagitarum,</span> <span class='ocrx_word' id='word_1_208' title='bbox 1203 2486 1367 2537; x_wconf 91' lang='lat' dir='ltr'>quem</span> <span class='ocrx_word' id='word_1_209' title='bbox 1405 2468 1814 2531; x_wconf 80' lang='grc' dir='ltr'>ὑπομνηματισ-</span> 
     </span>
    </p>
   </div>
   <div class='ocr_carea' id='block_1_3' title="bbox 983 2585 1814 2628">
    <p class='ocr_par' dir='ltr' id='par_1_3' title="bbox 983 2585 1814 2628">
     <span class='ocr_line' id='line_1_27' title="bbox 983 2585 1814 2628; baseline -0.006 0"><span class='ocrx_word' id='word_1_210' title='bbox 983 2601 1071 2628; x_wconf 87' lang='lat' dir='ltr'>nec</span> <span class='ocrx_word' id='word_1_211' title='bbox 1110 2619 1118 2627; x_wconf 92' lang='lat'>.</span> <span class='ocrx_word' id='word_1_212' title='bbox 1159 2618 1167 2627; x_wconf 91' lang='lat'><strong><em>.</em></strong></span> <span class='ocrx_word' id='word_1_213' title='bbox 1207 2618 1216 2627; x_wconf 92' lang='lat'><em>.</em></span> <span class='ocrx_word' id='word_1_214' title='bbox 1254 2599 1343 2627; x_wconf 90' lang='lat' dir='ltr'>nec</span> <span class='ocrx_word' id='word_1_215' title='bbox 1377 2586 1604 2625; x_wconf 88' lang='lat' dir='ltr'>introduce</span> <span class='ocrx_word' id='word_1_216' title='bbox 1640 2585 1814 2624; x_wconf 90' lang='lat' dir='ltr'>distinct</span> 
     </span>
    </p>
   </div>
   <div class='ocr_carea' id='block_1_4' title="bbox 65 2590 1814 2696">
    <p class='ocr_par' dir='ltr' id='par_1_4' title="bbox 65 2590 1814 2696">
     <span class='ocr_line' id='line_1_28' title="bbox 65 2590 897 2641; baseline -0.001 -12"><span class='ocrx_word' id='word_1_217' title='bbox 65 2591 366 2629; x_wconf 84' lang='lat' dir='ltr'>—honorem</span> <span class='ocrx_word' id='word_1_218' title='bbox 399 2590 639 2630; x_wconf 85' lang='lat' dir='ltr'>officium:</span> <span class='ocrx_word' id='word_1_219' title='bbox 680 2590 746 2630; x_wconf 90' lang='lat' dir='ltr'>his</span> <span class='ocrx_word' id='word_1_220' title='bbox 777 2603 897 2641; x_wconf 92' lang='lat' dir='ltr'>repu-</span> 
     </span>
     <span class='ocr_line' id='line_1_29' title="bbox 982 2641 1814 2696; baseline -0.006 -12"><span class='ocrx_word' id='word_1_221' title='bbox 982 2645 1140 2696; x_wconf 89' lang='lat' dir='ltr'>phases</span> <span class='ocrx_word' id='word_1_222' title='bbox 1158 2644 1204 2683; x_wconf 83' lang='lat' dir='ltr'>of</span> <span class='ocrx_word' id='word_1_223' title='bbox 1225 2644 1298 2682; x_wconf 89' lang='lat' dir='ltr'>the</span> <span class='ocrx_word' id='word_1_224' title='bbox 1320 2643 1492 2694; x_wconf 86' lang='lat' dir='ltr'>general</span> <span class='ocrx_word' id='word_1_225' title='bbox 1512 2641 1710 2692; x_wconf 88' lang='lat' dir='ltr'>thought,</span> <span class='ocrx_word' id='word_1_226' title='bbox 1729 2641 1814 2680; x_wconf 89' lang='lat' dir='ltr'>and</span> 
     </span>
    </p>
   </div>
   <div class='ocr_carea' id='block_1_5' title="bbox 67 2645 897 2698">
    <p class='ocr_par' dir='ltr' id='par_1_5' title="bbox 67 2645 897 2698">
     <span class='ocr_line' id='line_1_30' title="bbox 67 2645 897 2698; baseline 0 -14"><span class='ocrx_word' id='word_1_227' title='bbox 67 2646 203 2684; x_wconf 89' lang='lat' dir='ltr'>tation</span> <span class='ocrx_word' id='word_1_228' title='bbox 236 2645 320 2684; x_wconf 91' lang='lat' dir='ltr'>and</span> <span class='ocrx_word' id='word_1_229' title='bbox 351 2645 417 2685; x_wconf 89' lang='lat' dir='ltr'>his</span> <span class='ocrx_word' id='word_1_230' title='bbox 449 2646 555 2698; x_wconf 91' lang='lat' dir='ltr'>duty</span> <span class='ocrx_word' id='word_1_231' title='bbox 585 2659 632 2685; x_wconf 88' lang='lat' dir='ltr'>as</span> <span class='ocrx_word' id='word_1_232' title='bbox 672 2645 818 2685; x_wconf 91' lang='lat' dir='ltr'>leader</span> <span class='ocrx_word' id='word_1_233' title='bbox 849 2645 897 2684; x_wconf 86' lang='lat' dir='ltr'>of</span> 
     </span>
    </p>
   </div>
   <div class='ocr_carea' id='block_1_6' title="bbox 66 2701 897 3141">
    <p class='ocr_par' dir='ltr' id='par_1_6' title="bbox 66 2701 897 3088">
     <span class='ocr_line' id='line_1_31' title="bbox 66 2701 896 2752; baseline 0.001 -13"><span class='ocrx_word' id='word_1_234' title='bbox 66 2701 138 2740; x_wconf 87' lang='lat' dir='ltr'>the</span> <span class='ocrx_word' id='word_1_235' title='bbox 156 2703 394 2752; x_wconf 86' lang='lat' dir='ltr'>Epicurean</span> <span class='ocrx_word' id='word_1_236' title='bbox 411 2708 896 2741; x_wconf 89' lang='lat' dir='ltr'>sect.—testament0-</span> 
     </span>
     <span class='ocr_line' id='line_1_32' title="bbox 66 2757 897 2809; baseline 0 -14"><span class='ocrx_word' id='word_1_237' title='bbox 66 2769 170 2796; x_wconf 89' lang='lat' dir='ltr'>rum</span> <span class='ocrx_word' id='word_1_238' title='bbox 188 2758 280 2797; x_wconf 85' lang='lat' dir='ltr'>ius:</span> <span class='ocrx_word' id='word_1_239' title='bbox 299 2758 507 2808; x_wconf 82' lang='lat' dir='ltr'>Epicurus</span> <span class='ocrx_word' id='word_1_240' title='bbox 522 2757 608 2795; x_wconf 88' lang='lat' dir='ltr'>had</span> <span class='ocrx_word' id='word_1_241' title='bbox 623 2757 897 2809; x_wconf 85' lang='lat' dir='ltr'>bequeathed</span> 
     </span>
     <span class='ocr_line' id='line_1_33' title="bbox 66 2812 896 2864; baseline 0 -13"><span class='ocrx_word' id='word_1_242' title='bbox 66 2812 131 2851; x_wconf 90' lang='lat' dir='ltr'>his</span> <span class='ocrx_word' id='word_1_243' title='bbox 153 2813 315 2864; x_wconf 86' lang='lat' dir='ltr'>garden</span> <span class='ocrx_word' id='word_1_244' title='bbox 338 2812 422 2851; x_wconf 89' lang='lat' dir='ltr'>and</span> <span class='ocrx_word' id='word_1_245' title='bbox 444 2813 583 2851; x_wconf 88' lang='lat' dir='ltr'>house</span> <span class='ocrx_word' id='word_1_246' title='bbox 609 2820 654 2851; x_wconf 90' lang='lat' dir='ltr'>to</span> <span class='ocrx_word' id='word_1_247' title='bbox 687 2814 752 2852; x_wconf 90' lang='lat' dir='ltr'>his</span> <span class='ocrx_word' id='word_1_248' title='bbox 775 2813 896 2852; x_wconf 90' lang='lat' dir='ltr'>disci-</span> 
     </span>
     <span class='ocr_line' id='line_1_34' title="bbox 66 2869 893 2919; baseline 0.001 -13"><span class='ocrx_word' id='word_1_249' title='bbox 66 2869 168 2919; x_wconf 91' lang='lat' dir='ltr'>ples.</span> <span class='ocrx_word' id='word_1_250' title='bbox 184 2893 238 2897; x_wconf 83' lang='lat'>—</span> <span class='ocrx_word' id='word_1_251' title='bbox 258 2869 462 2907; x_wconf 87' lang='lat' dir='ltr'>Phaedri</span> <span class='ocrx_word' id='word_1_252' title='bbox 500 2869 893 2908; x_wconf 88' lang='lat' dir='ltr'>obtestationem:</span> 
     </span>
     <span class='ocr_line' id='line_1_35' title="bbox 71 2924 896 2976; baseline 0.001 -15"><span class='ocrx_word' id='word_1_253' title='bbox 71 2924 288 2963; x_wconf 85' lang='lat' dir='ltr'>Phaedrus</span> <span class='ocrx_word' id='word_1_254' title='bbox 325 2924 409 2962; x_wconf 84' lang='lat' dir='ltr'>had</span> <span class='ocrx_word' id='word_1_255' title='bbox 446 2924 657 2976; x_wconf 88' lang='lat' dir='ltr'>probably</span> <span class='ocrx_word' id='word_1_256' title='bbox 692 2924 896 2976; x_wconf 84' lang='lat' dir='ltr'>enjoined</span> 
     </span>
     <span class='ocr_line' id='line_1_36' title="bbox 68 2980 896 3030; baseline 0.001 -13"><span class='ocrx_word' id='word_1_257' title='bbox 68 2993 182 3030; x_wconf 92' lang='lat' dir='ltr'>upon</span> <span class='ocrx_word' id='word_1_258' title='bbox 216 2980 280 3018; x_wconf 88' lang='lat' dir='ltr'>his</span> <span class='ocrx_word' id='word_1_259' title='bbox 313 2993 537 3019; x_wconf 89' lang='lat' dir='ltr'>successor</span> <span class='ocrx_word' id='word_1_260' title='bbox 570 2982 698 3018; x_wconf 83' lang='lat' dir='ltr'>Patro</span> <span class='ocrx_word' id='word_1_261' title='bbox 726 2981 798 3019; x_wconf 88' lang='lat' dir='ltr'>the</span> <span class='ocrx_word' id='word_1_262' title='bbox 829 2994 896 3019; x_wconf 90' lang='lat' dir='ltr'>ne-</span> 
     </span>
     <span class='ocr_line' id='line_1_37' title="bbox 67 3035 894 3088; baseline 0 -16"><span class='ocrx_word' id='word_1_263' title='bbox 67 3036 223 3086; x_wconf 77' lang='lat' dir='ltr'>cessity</span> <span class='ocrx_word' id='word_1_264' title='bbox 245 3035 292 3073; x_wconf 82' lang='lat' dir='ltr'>of</span> <span class='ocrx_word' id='word_1_265' title='bbox 314 3036 562 3086; x_wconf 89' lang='lat' dir='ltr'>recovering</span> <span class='ocrx_word' id='word_1_266' title='bbox 585 3036 658 3074; x_wconf 91' lang='lat' dir='ltr'>the</span> <span class='ocrx_word' id='word_1_267' title='bbox 679 3043 894 3088; x_wconf 85' lang='lat' dir='ltr'>property.</span> 
     </span>
    </p>

    <p class='ocr_par' dir='ltr' id='par_1_7' title="bbox 127 3091 897 3141">
     <span class='ocr_line' id='line_1_38' title="bbox 127 3091 897 3141; baseline 0.003 -15"><span class='ocrx_word' id='word_1_268' title='bbox 127 3103 159 3141; x_wconf 78' lang='lat'>5.</span> <span class='ocrx_word' id='word_1_269' title='bbox 193 3091 325 3129; x_wconf 85' lang='lat' dir='ltr'>nihil:</span> <span class='ocrx_word' id='word_1_270' title='bbox 363 3091 416 3129; x_wconf 81' lang='lat' dir='ltr'>cf.</span> <span class='ocrx_word' id='word_1_271' title='bbox 451 3092 529 3141; x_wconf 81' lang='lat' dir='ltr'>Ep.</span> <span class='ocrx_word' id='word_1_272' title='bbox 564 3092 706 3130; x_wconf 80' lang='lat' dir='ltr'>XXV.</span> <span class='ocrx_word' id='word_1_273' title='bbox 739 3104 763 3139; x_wconf 88' lang='lat'><strong>4</strong></span> <span class='ocrx_word' id='word_1_274' title='bbox 786 3105 897 3129; x_wconf 94' lang='lat' dir='ltr'>n.—</span> 
     </span>
    </p>
   </div>
   <div class='ocr_carea' id='block_1_7' title="bbox 981 2698 1814 3138">
    <p class='ocr_par' dir='ltr' id='par_1_8' title="bbox 981 2698 1814 3138">
     <span class='ocr_line' id='line_1_39' title="bbox 983 2698 1814 2750; baseline -0.007 -10"><span class='ocrx_word' id='word_1_275' title='bbox 983 2714 1032 2740; x_wconf 91' lang='lat' dir='ltr'>so</span> <span class='ocrx_word' id='word_1_276' title='bbox 1055 2700 1111 2739; x_wconf 90' lang='lat' dir='ltr'>do</span> <span class='ocrx_word' id='word_1_277' title='bbox 1135 2707 1210 2738; x_wconf 90' lang='lat' dir='ltr'>not</span> <span class='ocrx_word' id='word_1_278' title='bbox 1233 2700 1407 2750; x_wconf 90' lang='lat' dir='ltr'>destroy</span> <span class='ocrx_word' id='word_1_279' title='bbox 1429 2699 1502 2737; x_wconf 90' lang='lat' dir='ltr'>the</span> <span class='ocrx_word' id='word_1_280' title='bbox 1529 2698 1744 2747; x_wconf 87' lang='lat' dir='ltr'>negation.</span> <span class='ocrx_word' id='word_1_281' title='bbox 1761 2721 1814 2726; x_wconf 84' lang='lat'>-—</span> 
     </span>
     <span class='ocr_line' id='line_1_40' title="bbox 983 2753 1812 2807; baseline -0.007 -11"><span class='ocrx_word' id='word_1_282' title='bbox 983 2769 1078 2795; x_wconf 89' lang='lat' dir='ltr'>non</span> <span class='ocrx_word' id='word_1_283' title='bbox 1102 2769 1196 2807; x_wconf 92' lang='lat' dir='ltr'>quo</span> <span class='ocrx_word' id='word_1_284' title='bbox 1219 2756 1280 2795; x_wconf 88' lang='lat' dir='ltr'>sit</span> <span class='ocrx_word' id='word_1_285' title='bbox 1303 2767 1360 2793; x_wconf 87' lang='lat' dir='ltr'>ex</span> <span class='ocrx_word' id='word_1_286' title='bbox 1382 2754 1507 2793; x_wconf 87' lang='lat' dir='ltr'>istis:</span> <span class='ocrx_word' id='word_1_287' title='bbox 1539 2753 1710 2791; x_wconf 88' lang='lat' dir='ltr'>Atticus</span> <span class='ocrx_word' id='word_1_288' title='bbox 1728 2765 1812 2791; x_wconf 85' lang='lat' dir='ltr'>was</span> 
     </span>
     <span class='ocr_line' id='line_1_41' title="bbox 983 2810 1813 2863; baseline -0.005 -13"><span class='ocrx_word' id='word_1_289' title='bbox 983 2825 1036 2850; x_wconf 91' lang='lat' dir='ltr'>an</span> <span class='ocrx_word' id='word_1_290' title='bbox 1062 2813 1313 2863; x_wconf 88' lang='lat' dir='ltr'>Epicurean.</span> <span class='ocrx_word' id='word_1_291' title='bbox 1330 2810 1552 2861; x_wconf 87' lang='lat' dir='ltr'>—diligit</span> <span class='ocrx_word' id='word_1_292' title='bbox 1577 2838 1586 2847; x_wconf 92' lang='lat'><strong>.</strong></span> <span class='ocrx_word' id='word_1_293' title='bbox 1612 2838 1621 2846; x_wconf 91' lang='lat'><strong>.</strong></span> <span class='ocrx_word' id='word_1_294' title='bbox 1647 2838 1656 2846; x_wconf 91' lang='lat'><strong>.</strong></span> <span class='ocrx_word' id='word_1_295' title='bbox 1680 2820 1813 2847; x_wconf 87' lang='lat' dir='ltr'>ama-</span> 
     </span>
     <span class='ocr_line' id='line_1_42' title="bbox 981 2865 1810 2920; baseline -0.006 -14"><span class='ocrx_word' id='word_1_296' title='bbox 981 2869 1067 2907; x_wconf 91' lang='lat' dir='ltr'>vit:</span> <span class='ocrx_word' id='word_1_297' title='bbox 1098 2867 1261 2920; x_wconf 78' lang='lat' dir='ltr'>Tyrrell</span> <span class='ocrx_word' id='word_1_298' title='bbox 1279 2867 1382 2905; x_wconf 89' lang='lat' dir='ltr'>cites</span> <span class='ocrx_word' id='word_1_299' title='bbox 1402 2866 1491 2904; x_wconf 90' lang='lat' dir='ltr'>Cic.</span> <span class='ocrx_word' id='word_1_300' title='bbox 1510 2867 1591 2914; x_wconf 71' lang='lat' dir='ltr'>Ep.</span> <span class='ocrx_word' id='word_1_301' title='bbox 1611 2865 1671 2902; x_wconf 79' lang='lat' dir='ltr'>ad</span> <span class='ocrx_word' id='word_1_302' title='bbox 1685 2865 1810 2902; x_wconf 75' lang='lat' dir='ltr'><em>Brut.</em></span> 
     </span>
     <span class='ocr_line' id='line_1_43' title="bbox 988 2922 1813 2970; baseline -0.005 -9"><span class='ocrx_word' id='word_1_303' title='bbox 988 2936 1019 2961; x_wconf 93' lang='lat'>1.</span> <span class='ocrx_word' id='word_1_304' title='bbox 1041 2935 1072 2961; x_wconf 86' lang='grc' dir='ltr'>Ι.</span> <span class='ocrx_word' id='word_1_305' title='bbox 1096 2935 1108 2961; x_wconf 87' lang='grc' dir='ltr'>Ι</span> <span class='ocrx_word' id='word_1_306' title='bbox 1146 2924 1316 2962; x_wconf 76' lang='lat' dir='ltr'>Clodius</span> <span class='ocrx_word' id='word_1_307' title='bbox 1343 2922 1435 2959; x_wconf 74' lang='lat' dir='ltr'>trib.</span> <span class='ocrx_word' id='word_1_308' title='bbox 1446 2922 1554 2970; x_wconf 72' lang='lat' dir='ltr'>pleb.</span> <span class='ocrx_word' id='word_1_309' title='bbox 1573 2922 1813 2970; x_wconf 72' lang='lat' dir='ltr'>designatus</span> 
     </span>
     <span class='ocr_line' id='line_1_44' title="bbox 981 2976 1812 3028; baseline -0.007 -10"><span class='ocrx_word' id='word_1_310' title='bbox 981 2981 1103 3018; x_wconf 81' lang='lat' dir='ltr'>valde</span> <span class='ocrx_word' id='word_1_311' title='bbox 1125 2993 1188 3016; x_wconf 75' lang='lat' dir='ltr'>me</span> <span class='ocrx_word' id='word_1_312' title='bbox 1209 2979 1360 3028; x_wconf 52' lang='lat' dir='ltr'>dz&#39;lzjgz&#39;zss</span> <span class='ocrx_word' id='word_1_313' title='bbox 1384 2978 1452 3015; x_wconf 78' lang='lat' dir='ltr'>vel</span> <span class='ocrx_word' id='word_1_314' title='bbox 1471 2982 1519 3014; x_wconf 79' lang='lat' dir='ltr'>ut</span> <span class='ocrx_word' id='word_1_315' title='bbox 1539 2976 1812 3024; x_wconf 82' lang='grc' dir='ltr'>ἐμφατικώτε-</span> 
     </span>
     <span class='ocr_line' id='line_1_45' title="bbox 981 3032 1813 3084; baseline -0.005 -11"><span class='ocrx_word' id='word_1_316' title='bbox 981 3050 1050 3084; x_wconf 91' lang='grc' dir='ltr'>ρον</span> <span class='ocrx_word' id='word_1_317' title='bbox 1085 3036 1234 3079; x_wconf 79' lang='lat' dir='ltr'>dicam,</span> <span class='ocrx_word' id='word_1_318' title='bbox 1265 3034 1387 3071; x_wconf 76' lang='lat' dir='ltr'>valde</span> <span class='ocrx_word' id='word_1_319' title='bbox 1419 3046 1482 3071; x_wconf 81' lang='lat' dir='ltr'>me</span> <span class='ocrx_word' id='word_1_320' title='bbox 1513 3038 1640 3070; x_wconf 79' lang='lat' dir='ltr'>anmt.</span> <span class='ocrx_word' id='word_1_321' title='bbox 1658 3032 1813 3069; x_wconf 88' lang='lat' dir='ltr'>—de-</span> 
     </span>
     <span class='ocr_line' id='line_1_46' title="bbox 983 3087 1814 3138; baseline -0.005 -9"><span class='ocrx_word' id='word_1_322' title='bbox 983 3097 1167 3130; x_wconf 89' lang='lat' dir='ltr'>cretum</span> <span class='ocrx_word' id='word_1_323' title='bbox 1198 3089 1338 3128; x_wconf 90' lang='lat' dir='ltr'>illud:</span> <span class='ocrx_word' id='word_1_324' title='bbox 1377 3088 1448 3127; x_wconf 90' lang='lat' dir='ltr'>the</span> <span class='ocrx_word' id='word_1_325' title='bbox 1471 3088 1582 3138; x_wconf 88' lang='lat' dir='ltr'>right</span> <span class='ocrx_word' id='word_1_326' title='bbox 1605 3087 1652 3126; x_wconf 82' lang='lat' dir='ltr'>of</span> <span class='ocrx_word' id='word_1_327' title='bbox 1681 3088 1814 3126; x_wconf 87' lang='lat' dir='ltr'>Mem-</span> 
     </span>
    </p>
   </div>
  </div>
 </body>
</html>
