2067 3332
147 1539 189 1566 11

219 209 297 250 128
784 207 1062 246 CICERo’s
1105 181 1394 247 LETTERS.

1624 208 1723 260 [Ep.
1743 209 1956 248 XXXIV.

218 357 397 401 tratus
441 365 563 400 sum
609 347 972 414 comprimere
1015 363 1205 397 eorum
1248 346 1549 408 audaciam,
1591 364 1698 414 quo
1739 347 1955 400 facilius

220 439 388 490 etiam
438 446 748 490 ceterorum
799 437 982 498 animi,
1029 437 1123 504 qui
1164 436 1568 487 alieni essent
1611 438 1679 488 ab
1729 437 1957 505 imperio

220 537 426 590 nostrO,
472 529 880 599 frangerentur.
964 527 1127 577 Vallo
1170 534 1225 577 et
1266 527 1418 577 fossa
1459 526 1819 590 circumdedi;
1863 545 1959 579 sex

220 618 462 670 castellis
493 617 803 684 castrisque
833 616 1085 667 maximis
1122 616 1327 682 saepsi;
1369 633 1572 683 aggere
1601 617 1764 668 viniis
1801 617 1960 668 turri-

220 710 323 760 bus
354 707 684 775 oppugnavi,
719 723 962 773 ususque
1000 706 1295 757 tormentis
1325 706 1531 767 multis,
1564 707 1752 758 multis
1796 707 1960 774 sagit-

220 799 375 849 tariis
415 815 617 864 magno
659 797 845 848 labore
883 813 1022 859 meO,
1057 796 1176 846 sine
1219 796 1330 847 ulla
1371 796 1626 847 molestia
1667 805 1961 863 sumptuve

223 888 497 940 sociorum
542 887 779 954 septimo
809 887 1308 953 quinquagensimo
1351 887 1439 937 die
1477 903 1591 937 rem
1635 887 1866 948 confeci,
1900 895 1960 937 ut

222 979 478 1029 omnibus
523 977 773 1044 partibus
821 977 972 1027 urbis
1017 977 1342 1027 disturbatis
1391 984 1485 1027 aut
1530 976 1773 1027 incensis
1819 994 1961 1028 com-

222 1069 368 1135 pulsi
423 1068 479 1118 in
533 1075 873 1134 potestatem
928 1083 1107 1137 meam
1163 1066 1533 1132 pervenirent.
1641 1067 1749 1117 His
1803 1074 1960 1117 erant

223 1158 443 1208 finitimi
491 1157 609 1224 pari
658 1157 866 1208 scelere
912 1163 965 1206 et
1011 1156 1239 1207 audacia
1283 1156 1581 1218 Tebarani3
1626 1157 1694 1207 ab
1732 1156 1798 1207 iis
1843 1156 1962 1207 Pin-

224 1248 446 1299 denisso
501 1255 663 1313 capto
715 1246 938 1297 obsides
994 1246 1220 1312 accepi,
1276 1246 1579 1297 exercitum
1628 1246 1683 1296 in
1731 1247 1963 1297 hiberna

225 1338 434 1399 dimisi3
480 1337 754 1404 Quintum
796 1337 1026 1386 fratrem
1067 1336 1294 1403 negotio
1328 1336 1623 1402 praeposui
1652 1344 1711 1387 ut
1743 1337 1797 1386 in
1826 1336 1962 1387 vicis

224 1436 318 1479 aut
380 1428 556 1493 captis
611 1435 704 1477 aut
761 1427 902 1477 male
956 1427 1167 1492 pacatis
1228 1426 1503 1478 exercitus
1564 1426 1959 1478 conlocaretur.

229 1499 395 1569 Nunc
449 1518 614 1568 velim
666 1517 743 1568 sic
792 1517 896 1567 tibi
944 1517 1292 1583 persuadeaS,
1345 1516 1391 1567 si
1439 1518 1507 1567 de
1556 1516 1622 1567 iis
1677 1517 1840 1567 rebus
1896 1517 1963 1566 ad

228 1616 483 1659 senatum
522 1608 755 1658 relatum
788 1607 874 1668 sit,
909 1623 997 1657 me
1032 1607 1474 1657 existimaturum
1515 1624 1785 1657 summam
1829 1606 1963 1656 mihi

227 1698 444 1749 laudem
489 1698 771 1758 tributam,
818 1698 864 1748 si
905 1704 967 1747 tu
1008 1697 1275 1747 honorem
1318 1714 1504 1747 meum
1549 1697 1829 1748 sententia
1869 1705 1965 1747 tua

229 1788 617 1855 comprobaris,
664 1788 844 1854 idque,
892 1787 998 1837 etsi
1039 1787 1243 1837 talibus
1285 1788 1353 1838 de
1396 1788 1560 1837 rebus
1609 1787 1963 1854 gravissimos

228 1879 482 1929 homines
525 1886 578 1928 et
622 1894 816 1944 rogare
860 1877 1039 1928 solere
1078 1885 1133 1927 et
1172 1877 1351 1944 rogari
1395 1877 1523 1938 sciO,
1555 1885 1741 1927 tamen
1784 1878 1965 1927 admo-

230 1969 473 2019 nendum
504 1968 689 2034 potius
719 1975 776 2018 te
811 1985 841 2018 a
879 1984 968 2018 me
997 1984 1159 2034 quam
1202 1968 1507 2033 rogandum
1550 1975 1699 2033 puto,
1783 1967 1870 2017 Tu
1906 1983 1964 2017 es

231 2059 378 2109 enim
409 2058 454 2108 is
493 2058 587 2125 qui
624 2074 712 2108 me
754 2058 865 2108 tuis
909 2057 1204 2107 sententiis
1248 2057 1572 2123 saepissime
1615 2057 1840 2117 ornasti,
1872 2056 1966 2123 qui

232 2148 496 2208 oratione,
547 2147 641 2214 qui
696 2147 1122 2213 praedicatione,
1173 2147 1267 2213 qui
1316 2147 1546 2197 summis
1601 2146 1855 2197 laudibus
1910 2146 1965 2196 in

234 2246 446 2298 senam,
493 2237 548 2287 in
592 2237 945 2288 contionibus
988 2238 1055 2287 ad
1099 2237 1310 2287 caelum
1355 2236 1618 2297 extulisti,
1664 2236 1819 2287 cuius
1864 2253 1966 2302 ego

234 2344 453 2393 semper
500 2335 658 2378 tanta
706 2343 829 2377 esse
876 2327 1171 2377 verborum
1219 2327 1463 2392 pondera
1510 2326 1698 2392 putavi
1746 2334 1806 2376 ut
1855 2342 1965 2376 uno

233 2418 401 2467 verbo
431 2424 526 2467 tuo
556 2433 681 2467 cum
711 2433 834 2467 mea
861 2416 1022 2467 laude
1057 2416 1353 2467 coniuncto
1393 2416 1577 2466 omnia
1613 2415 1841 2482 adsequi
1879 2431 1967 2465 me

295 2553 353 2580 10.
384 2541 544 2580 viniis:
577 2554 602 2579 a
636 2541 812 2592 parallel
847 2541 958 2579 form
990 2540 1060 2579 for

1148 2541 1340 2588 Romam
1372 2540 1425 2579 cf.
1448 2542 1534 2579 Att.
1562 2551 1594 2592 5.
1620 2552 1683 2579 20.
1710 2552 1723 2578 1
1759 2541 1966 2578 Saturna-

234 2598 380 2635 vineis.
403 2620 457 2623 —
487 2597 923 2647 quinquagensimo
947 2611 955 2634 z
1005 2596 1058 2635 cf.

1144 2597 1255 2634 libus
1284 2610 1407 2634 mane
1434 2610 1475 2634 se
1514 2597 1623 2634 milei
1656 2596 1966 2634 Pindenissitae

235 2653 653 2702 quadrcqgensimum,
688 2653 764 2702 Ep.
790 2652 883 2689 XC.
912 2663 925 2688 Ι
953 2664 1061 2689 n.—

236 2708 337 2757 pari
370 2707 577 2745 scelere:
620 2707 731 2745 their
760 2707 887 2745 crime
919 2706 1060 2744 would

236 2775 352 2800 seem
375 2769 419 2800 to
443 2762 551 2800 have
582 2762 689 2800 been
722 2762 832 2800 their
863 2761 1060 2811 indepen-

237 2817 382 2855 dence.
444 2818 514 2855 No
537 2817 662 2855 other
686 2817 839 2867 charge
871 2817 904 2855 is
936 2816 1060 2855 made

237 2873 404 2922 against
426 2873 620 2910 them.—-
641 2873 926 2910 Pindenisso
949 2883 1059 2922 cap-

237 2934 312 2966 to:
359 2927 512 2966 Cicero
550 2927 836 2966 understands
869 2927 964 2964 how
996 2927 1060 2965 his

238 2983 540 3032 metropolitan
562 2982 724 3020 friends
746 2983 828 3020 will
861 2982 960 3020 take
989 2982 1060 3020 the

239 3051 352 3076 news
393 3037 439 3075 of
487 3038 554 3075 his
595 3038 758 3089 victory
798 3050 901 3075 over
941 3037 1061 3075 these

238 3099 358 3143 petty
389 3092 722 3137 mountaineers,
746 3092 890 3130 whose
922 3105 1059 3136 name,

239 3160 359 3193 even,
370 3160 456 3185 was
470 3154 544 3185 not
561 3147 717 3185 known
733 3154 777 3185 to
795 3147 866 3185 the
881 3159 1061 3197 average

1145 2652 1397 2689 dediderunt
1431 2653 1602 2701 septimo
1640 2657 1679 2689 et
1714 2652 1966 2701 quinquage-

1145 2707 1249 2744 simo
1280 2707 1345 2744 die
1373 2712 1594 2757 postquam
1632 2712 1875 2756 oppugnare
1905 2718 1968 2742 eos

1145 2763 1358 2810 coepimus.
1416 2767 1424 2783 ‘
1439 2762 1533 2808 Qui,
1556 2762 1715 2799 malum
1733 2761 1748 2798 J
1779 2761 1849 2798 isti
1868 2761 1967 2798 Pin-

1146 2818 1376 2862 denissitae,
1431 2818 1508 2867 qui
1558 2821 1659 2854 sunt
1675 2817 1694 2854 ?
1710 2816 1718 2832 '
1789 2817 1967 2866 inquies,

1148 2877 1156 2892 ‘
1175 2885 1324 2909 nomen
1354 2872 1502 2909 audivi
1530 2870 1794 2922 numquam.'
1856 2869 1970 2917 Quid

1146 2940 1215 2976 ego
1237 2928 1401 2978 faciam
1421 2927 1440 2965 ?
1489 2940 1591 2964 num
1616 2927 1742 2976 potui
1774 2926 1965 2964 Ciliciam

1148 2984 1184 3019 A
1190 2984 1352 3020 etoliam
1369 2987 1446 3019 ant
1458 2982 1749 3020 Illacedoniam
1768 2981 1937 3018 reddere
1949 2979 1969 3017 ?

1208 3048 1266 3074 11.
1300 3049 1326 3075 a
1359 3049 1464 3075 me:
1495 3036 1564 3074 for
1593 3036 1713 3082 milei,
1745 3042 1791 3074 to
1821 3047 1968 3073 secure

1148 3092 1220 3130 the
1237 3098 1427 3130 contrast
1442 3091 1540 3129 with
1559 3098 1621 3129 te.
1635 3115 1690 3119 —
1706 3091 1764 3130 ad
1783 3090 1967 3128 caelum

1149 3147 1386 3186 extulisti:
1427 3147 1459 3184 it
1495 3159 1579 3185 was
1619 3146 1731 3184 Cato
1767 3145 1862 3183 who
1902 3144 1969 3182 be-
