2067 3332
209 172 265 212 46
772 171 1051 210 CICERO’S
1094 172 1381 210 LETTERS.
1743 172 1842 223 [Ep.
1868 172 1941 210 IX.

156 312 535 378 6magnitudo
591 309 836 376 postulet
894 309 1189 376 intellegis
1284 311 1370 360 De
1425 327 1483 361 re
1538 311 1758 376 publica
1811 311 1946 360 nihil

213 402 388 452 habeo
444 401 511 451 ad
566 409 623 451 te
673 400 931 460 scribere,
980 400 1087 450 nisi
1137 417 1415 451 summum
1465 400 1651 450 odium
1700 400 1946 451 omnium

212 491 497 542 hominum
530 490 584 540 in
616 507 710 541 eos
741 490 834 557 qui
864 498 1061 540 tenent
1101 490 1299 541 omnia.
1387 490 1718 541 Mutationis
1761 498 1945 541 tamen

212 598 339 648 spes
371 581 548 643 nulla;
591 581 704 642 sed,
737 581 884 648 quod
913 580 1076 632 facile
1106 580 1331 641 sentiaS,
1364 582 1550 631 taedet
1582 581 1764 647 ipsum
1796 582 1948 631 Pom-

212 672 396 737 peium
437 671 912 738 vehementerque
961 671 1226 737 paenitet.
1312 671 1441 721 Non
1497 671 1758 737 provideo
1813 671 1948 721 satis

212 778 376 828 quem
409 761 617 811 exitum
653 761 904 812 futurum
948 769 1157 827 putem,
1191 761 1289 811 sed
1332 768 1483 812 certe
1512 761 1773 811 videntur
1814 761 1949 812 haec

156 878 177 916 7
212 852 393 918 aliquo
433 859 712 918 eruptura.
799 852 998 902 Libros
1029 851 1352 912 Alexandri,
1385 850 1738 918 neglegentis
1780 851 1951 901 homi—

166 970 170 972 -
213 941 298 992 nis
349 949 403 992 et
453 959 564 992 non
613 941 746 992 boni
788 949 1001 1008 poetae,
1048 942 1146 992 sed
1188 949 1375 992 tamen
1418 958 1530 991 non
1551 927 1801 1002 'inutilis
1847 940 1951 991 tibi

212 1031 415 1083 remisi.
498 1032 827 1082 Numerium
862 1031 1219 1082 Numestium
1250 1031 1490 1082 libenter
1518 1031 1706 1097 accepi
1738 1031 1792 1080 in
1822 1030 1950 1081 ami-

213 1122 423 1184 citiam;
468 1129 522 1173 et
553 1123 835 1173 hominem
879 1139 1103 1189 gravem
1148 1130 1201 1172 et
1245 1123 1577 1188 prudentem
1621 1129 1676 1172 et
1720 1121 1948 1188 dignum

212 1220 308 1263 tua
337 1212 820 1263 commendatione
850 1212 1101 1279 cognovi.

821 1400 922 1450 IX.
987 1400 1125 1467 (Att.
1161 1413 1206 1450 2.
1243 1400 1354 1467 23.)

752 1531 982 1570 CICERO
1025 1530 1257 1570 ATTICO
1301 1531 1425 1569 SAL.

161 1669 176 1695 1
292 1643 609 1710 Numquam
639 1650 769 1693 ante
799 1642 1035 1693 arbitror
1069 1649 1125 1693 te
1168 1641 1462 1708 epistulam
1506 1658 1684 1692 meam
1727 1641 1946 1709 legisse,

214 1734 320 1784 nisi
375 1750 497 1784 mea
550 1751 717 1784 manu
774 1733 1055 1799 scriptam.
1158 1733 1243 1783 Ex
1305 1749 1369 1783 eo
1425 1731 1685 1799 colligere
1739 1731 1949 1798 poteris

214 1831 422 1891 quanta
464 1823 829 1890 occupatione
868 1823 1161 1886 distinear;
1204 1840 1346 1884 nam,
1381 1839 1505 1874 cum
1539 1821 1699 1874 vacui
1741 1829 1950 1889 tempo-

214 1914 286 1964 ris
342 1913 478 1964 nihil
532 1914 793 1965 haberem
844 1921 897 1964 et
949 1931 1073 1964 cum
1129 1913 1463 1964 recreandae
1510 1912 1738 1986 voculae
1786 1930 1951 1964 causa

269 2031 304 2071 6.
337 2031 394 2069 de
429 2043 477 2069 re
509 2031 725 2082 publica:
766 2030 819 2070 cf.
845 2031 948 2069 Intr.
971 2042 1036 2082 91.

213 2087 398 2125 —nihil
425 2088 579 2125 habeo
602 2088 659 2125 ad
692 2094 737 2125 te
769 2087 990 2133 scribere,
1014 2087 1047 2124 J

213 2143 317 2180 have
339 2143 515 2192 nothing
532 2147 570 2180 to
592 2144 713 2180 write
725 2156 824 2192 you.
863 2142 929 2180 Cf.
950 2142 1037 2180 Cic.

216 2204 301 2247 pro
340 2198 460 2236 Balb.
503 2209 555 2249 33
595 2199 702 2248 quid
742 2199 864 2236 hahes
907 2199 1040 2248 zgritur

213 2254 345 2290 dicere
379 2254 427 2290 de
464 2254 673 2291 Gaditano
694 2253 1038 2304 foedera—qui

214 2315 377 2346 tenent
404 2309 581 2346 omnia:
619 2311 677 2346 ele.
706 2309 778 2346 the
810 2308 1036 2346 triumvirs.

213 2375 377 2401 —non
409 2364 635 2413 provideo
668 2364 802 2410 satis,
826 2370 924 2402 etc.:
957 2364 1037 2402 col-

213 2419 375 2469 loquial
405 2419 474 2456 for
496 2433 579 2456 non
602 2420 803 2468 provideo
831 2421 934 2457 satis
964 2420 1040 2470 qui

212 2476 350 2512 exitus
386 2475 573 2525 futurus
626 2476 689 2512 sit.
780 2475 893 2512 Such
934 2475 1038 2525 peri-

214 2529 389 2579 phrases
440 2542 567 2568 occur
626 2536 740 2568 most
795 2529 1038 2581 frequently

214 2584 324 2622 after
344 2586 490 2630 dicere,
511 2586 730 2630 arbitrari,
753 2587 929 2630 credere,
953 2585 1038 2623 and

216 2640 476 2688 praedicare.
556 2641 677 2692 They
717 2653 788 2678 are
830 2654 928 2692 very
961 2641 1039 2678 fre-

213 2695 400 2745 quentin
420 2695 542 2733 Latin
562 2695 752 2747 comedy‚
765 2708 812 2734 as
828 2696 1034 2746 sedfinem

216 2751 316 2800 sore
363 2764 483 2801 quem
525 2752 660 2789 dicam
713 2752 854 2795 nescio,
902 2752 1036 2789 l'laut.

222 2806 340 2842 Trin.
367 2817 406 2851 2;
437 2806 509 2844 sed
535 2807 601 2843 dic
631 2812 768 2843 tamen
800 2807 911 2844 uude
941 2820 1039 2843 onu-

212 2866 317 2898 stam
355 2862 518 2899 celocem
561 2875 680 2912 agere
718 2867 754 2899 te
784 2863 1035 2910 praedicem,

216 2915 352 2954 Plaut.
393 2917 539 2954 Pseud.
588 2915 707 2967 1306;
754 2918 1034 2955 im'micion‘m

213 2983 326 3008 nunc
363 2977 506 3009 utrum
546 2973 709 3010 credam
752 2974 887 3021 magis
925 2974 1037 3010 soda-

211 3026 290 3062 lem
298 3039 348 3063 ne
367 3040 450 3063 esse
469 3040 526 3063 an
548 3027 814 3072 Bacchidem,
830 3029 1032 3065 incertum

211 3081 488 3124 admodumst‚
528 3082 662 3119 I'laut.
698 3083 849 3120 Bacch.
891 3093 967 3133 500
1006 3082 1033 3119 f.

1181 2042 1216 2080 7.
1249 2031 1395 2070 libros
1420 2031 1695 2070 Alexandri:
1727 2030 1769 2069 in
1796 2041 1844 2083 59
1867 2040 1948 2069 ΒΕ.

1127 2087 1278 2126 Cicero
1309 2099 1394 2125 was
1425 2094 1468 2124 at
1499 2087 1616 2125 work
1653 2099 1709 2124 on
1749 2086 1815 2125 his
1850 2087 1950 2125 Cho-

1127 2143 1366 2193 rographz'a,
1399 2155 1424 2180 a
1455 2142 1628 2181 treatise
1669 2154 1783 2193 upon
1824 2154 1950 2192 geog-

1125 2198 1259 2250 raphy
1293 2197 1362 2249 (cf.
1404 2199 1492 2235 Att.
1526 2209 1561 2236 2.
1599 2209 1634 2246 4.
1677 2209 1722 2249 3;
1766 2209 1801 2235 2.
1835 2197 1872 2235 6.
1910 2208 1948 2245 1;

1128 2264 1163 2290 2.
1187 2264 1222 2302 7.
1256 2253 1308 2303 1),
1341 2252 1426 2291 and
1457 2253 1630 2291 Atticus
1661 2252 1746 2291 had
1777 2259 1872 2291 sent
1903 2258 1948 2290 to

1125 2308 1213 2346 him
1241 2321 1266 2346 a
1295 2321 1423 2358 poem
1456 2321 1572 2359 upon
1603 2308 1676 2347 the
1707 2320 1825 2346 same
1855 2307 1950 2346 sub-

1123 2363 1222 2414 ject,
1239 2365 1404 2402 written
1422 2363 1478 2415 by
1495 2363 1737 2402 Alexander
1751 2363 1796 2401 of
1814 2364 1950 2413 Ephe-

1124 2432 1196 2457 sus
1231 2420 1335 2469 (Att.
1362 2431 1395 2457 2.
1424 2431 1486 2458 20.
1511 2419 1567 2469 6).
1585 2442 1638 2447 —
1662 2419 1947 2458 Numerium

1128 2475 1467 2513 Numestium:
1522 2473 1853 2513 recommended
1903 2480 1947 2511 to

1126 2530 1276 2568 Cicero
1300 2529 1354 2582 by
1373 2529 1567 2577 Atticus;
1600 2529 1652 2568 cf.
1670 2531 1757 2567 Att.
1775 2541 1809 2567 2.
1830 2541 1892 2567 20.
1915 2540 1947 2566 1.

1182 2586 1260 2623 IX.
1304 2585 1456 2631 Rome,
1489 2586 1601 2635 Aug.
1644 2597 1691 2623 or
1733 2586 1862 2634 Sept„
1898 2594 1949 2636 59

1126 2650 1206 2678 Rc.

1185 2707 1217 2732 1.
1249 2696 1342 2734 nisi
1378 2707 1486 2734 mea
1522 2707 1666 2734 manu
1704 2695 1947 2745 scriptam:

1124 2751 1177 2789 ef.
1213 2752 1313 2788 lntr.
1350 2751 1486 2799 64.—
1517 2757 1693 2801 quanta
1743 2761 1947 2800 occupa-

1124 2807 1252 2844 tione
1307 2807 1561 2845 distinear:
1612 2806 1677 2844 his
1736 2806 1947 2843 attention

1124 2874 1209 2899 was
1230 2861 1355 2911 given
1378 2869 1422 2900 to
1453 2861 1738 2912 professional
1770 2866 1946 2898 matters

1124 2917 1266 2954 rather
1297 2917 1399 2954 than
1432 2923 1476 2955 to
1507 2917 1700 2967 politics;
1747 2915 1801 2953 cf.
1836 2927 1871 2966 3.
1893 2938 1947 2943 —

1123 2972 1345 3010 voculae:
1387 2971 1440 3010 cf.
1476 2973 1730 3021 pulchellus,
1774 2971 1851 3021 Ep.
1894 2971 1944 3008 V.

1128 3038 1175 3065 10
1197 3040 1235 3071 n,
1258 3026 1341 3064 and
1371 3029 1551 3072 voculas,
1576 3027 1653 3076 Ep.
1679 3027 1749 3064 LI.
1783 3037 1803 3063 2
1838 3038 1945 3063 n.—

1123 3082 1384 3120 ambulare:
1429 3082 1680 3130 Quintilian,
1718 3092 1777 3118 11.
1812 3092 1847 3131 3.
1884 3090 1943 3130 19,
