2067 3332
114 174 232 212 Fam.
254 183 292 223 9.
314 170 373 223 8.]
695 168 975 208 CICERO’S
1017 168 1307 207 LETTERS.
1790 167 1870 209 237

114 313 260 382 quod
291 312 347 363 in
379 329 443 363 ea
470 312 587 362 vita
625 327 897 371 maneam,
932 310 988 360 in
1019 327 1126 377 qua
1169 308 1305 360 nihil
1349 309 1483 360 insit
1527 309 1634 359 nisi
1677 326 1870 377 propa-

108 403 265 472 gatio
295 402 595 454 miserrimi
625 401 912 468 temporis,
986 400 1098 452 Hic
1123 408 1184 451 tu
1208 417 1297 451 me
1319 401 1517 451 abesse
1547 400 1683 456 urbe
1713 399 1870 449 mira-

112 494 202 556 riS,
235 494 292 545 in
332 511 441 562 qua
483 493 681 544 domus
725 490 864 541 nihil
910 491 1190 542 delectare
1233 491 1429 558 possit,
1474 507 1753 541 summum
1798 489 1868 540 sit

112 585 301 637 odium
356 592 673 651 temporum
730 582 1019 633 hominum
1070 581 1177 632 fori
1226 581 1449 633 curiae?
1550 581 1747 648 Itaque
1791 581 1869 632 sic

111 676 316 728 litteris
353 684 495 737 utor,
530 675 586 725 in
616 674 818 742 quibus
863 690 1131 724 consumo
1176 690 1341 723 omne
1383 680 1620 739 tempus,
1653 689 1765 722 non
1808 679 1868 722 ut

111 768 180 819 ab
224 767 290 819 iis
333 766 668 818 medicinam
714 772 1058 832 perpetuam,
1102 764 1199 814 sed
1244 772 1304 814 ut
1348 763 1604 830 exiguam
1647 762 1870 813 oblivio-

827 855 993 923 Quod
1038 854 1084 905 si
1126 854 1181 905 id
1225 854 1537 921 egissemus
1569 870 1672 920 ego
1703 861 1870 920 atque

111 957 174 1001 tu
191 982 269 988 —
286 949 432 1017 quod
462 965 533 999 ne
557 948 613 998 in
643 954 891 998 mentem
913 946 1136 1014 quidem
1167 945 1330 996 nobis
1353 945 1614 996 veniebat
1644 951 1872 1011 propter

112 875 241 910 nem
284 857 490 909 doloris
534 864 738 924 petam.

116 1040 428 1093 cotidianos
472 1046 671 1100 metuS,
699 1054 958 1088 -omne
1001 1044 1224 1104 tempus
1270 1053 1379 1087 una
1417 1035 1741 1105 fuissemus,
1780 1051 1871 1085 ne-

112 1148 221 1200 que
263 1148 353 1183 me
381 1130 642 1182 valetudo
677 1137 776 1180 tua
805 1129 1119 1179 offenderet
1151 1144 1332 1195 neque
1362 1135 1419 1178 te
1448 1144 1666 1178 maeror
1694 1143 1867 1178 meus,

116 1223 283 1292 Quod
325 1229 598 1290 quantum
642 1220 761 1271 fieri
804 1219 1010 1287 poterit
1055 1235 1504 1286 consequamur;
1548 1217 1679 1285 quid
1723 1217 1870 1268 enirn

114 1322 200 1366 est
256 1313 479 1381 utrique
535 1319 789 1364 nostrum
853 1310 1078 1378 aptius?
1190 1309 1516 1375 Propediem
1576 1315 1633 1359 te
1703 1307 1873 1375 igitur

114 1405 332 1457 videbo,

659 1551 905 1602 LXXX.
967 1550 1140 1621 (Fam.
1174 1565 1224 1616 9.
1260 1549 1332 1617 8.)

709 1698 941 1737 CICERO
984 1697 1285 1736 VARRONI.

198 1812 325 1864 Etsi
373 1828 578 1863 munus
633 1810 903 1878 flagitare,
951 1808 1203 1877 quamvis
1249 1808 1372 1876 quis
1429 1807 1756 1869 ostenderit,
1802 1824 1873 1858 ne

117 1903 358 1971 populus
404 1902 628 1970 quidem
675 1901 815 1953 solet
865 1901 975 1952 nisi
1023 1900 1355 1961 concitatuS,
1400 1907 1589 1950 tamen
1637 1914 1742 1966 ego
1787 1915 1873 1949 ex-

119 1995 471 2062 spectatione
499 1992 762 2061 promissi
795 1992 879 2043 tui
914 2008 1140 2042 moveor
1180 1998 1241 2042 ut
1283 1991 1612 2042 admoneam
1655 1997 1727 2051 te,
1760 2006 1871 2040 non

118 2093 179 2136 ut
223 2084 488 2153 flagitem.
578 2083 712 2135 Misi
761 2090 950 2134 autem
993 2082 1060 2134 ad
1104 2090 1161 2133 te
1189 2089 1453 2149 quattuor
1494 2079 1872 2132 admonitores

175 2230 212 2267 4.
272 2218 374 2256 hic:
425 2217 499 2256 the
550 2216 769 2256 reference
818 2216 854 2255 is
905 2221 950 2254 to

120 2275 280 2313 Romae
322 2305 328 2311 .
372 2303 380 2311 .
424 2304 432 2312 .
474 2275 660 2312 miratus
710 2285 819 2318 sum,
870 2272 950 2322 Ep.

123 2329 358 2368 LXXVII.
386 2341 419 2367 1.
463 2330 532 2368 On
554 2329 647 2375 hic,
668 2327 720 2366 cf.
739 2328 817 2378 Ep.
842 2327 950 2366 XII.

124 2397 139 2424 1
163 2386 459 2424 n.—domus
477 2413 486 2423 .
507 2414 517 2423 .
538 2413 548 2422 .
565 2384 744 2435 possit:
766 2383 952 2422 because

120 2442 152 2480 it
173 2440 319 2480 would
340 2439 508 2479 remind
534 2439 623 2477 him
647 2438 694 2477 of
731 2438 951 2478 Publilia's

119 2496 458 2536 conduct.—ut
493 2525 503 2534 .
542 2524 552 2534 .
587 2525 596 2534 .
629 2501 817 2546 petam:
861 2494 953 2533 Cic-

120 2553 231 2592 ero’s
247 2552 399 2591 efforts
415 2552 458 2590 in
476 2551 656 2601 seeking
677 2550 950 2589 consolation

118 2608 258 2647 found
281 2608 531 2659 expression
555 2607 784 2659 especially
808 2606 852 2644 in
880 2606 952 2645 the

125 2665 360 2704 Consolatio
381 2663 465 2702 and
497 2663 570 2702 the
611 2664 825 2702 Tusculan
855 2663 953 2700 Dis-

114 2721 345 2772 putations.

182 2786 215 2828 5.
258 2776 299 2815 si
336 2775 382 2814 id
424 2775 724 2826 egissemus:
771 2775 834 2812 z'.e.
866 2772 953 2812 had

121 2831 235 2870 lived
268 2830 481 2882 together.
551 2830 646 2869 The
677 2830 796 2869 force
829 2829 877 2868 of
912 2830 953 2868 si

122 2888 348 2926 continues
381 2886 568 2937 through
602 2886 955 2925 fuissemus.—

122 2954 264 2981 omne
297 2949 517 2993 tempus:
569 2955 620 2980 sc.
647 2947 745 2991 post
772 2954 894 2978 suum
928 2954 952 2978 a

130 2999 367 3036 Thessalica
384 3005 533 3047 pugna
556 2998 738 3035 reditum
763 2998 810 3034 in
833 2998 954 3034 ltali-

121 3067 190 3092 am
224 3052 813 3105 (Manutius).—valetud0
845 3058 952 3090 tua:

122 3109 175 3147 cf.
201 3109 279 3160 Ep.
307 3108 539 3147 LXXVII.
568 3122 600 3147 1.

1098 2214 1285 2253 LXXX.
1328 2213 1582 2258 Tusculum,
1611 2213 1710 2265 july
1745 2223 1786 2250 11
1824 2225 1873 2250 or

1044 2282 1105 2316 12,
1137 2280 1190 2322 45
1235 2279 1317 2308 B.C.
1403 2269 1471 2307 On
1507 2270 1658 2314 Varro,
1693 2268 1746 2307 cf.
1791 2269 1869 2318 Ep.

1041 2327 1136 2365 LX.
1157 2325 1317 2365 introd.
1340 2332 1457 2364 note.

1101 2393 1132 2420 1.
1187 2381 1416 2433 promissi
1456 2381 1552 2419 tui:
1605 2380 1743 2418 Varro
1785 2379 1869 2417 had

1039 2437 1272 2490 promised,
1305 2449 1352 2475 as
1384 2437 1498 2488 early
1529 2448 1576 2475 as
1608 2447 1657 2484 47
1693 2445 1792 2480 B.C.,
1826 2442 1870 2473 to

1041 2493 1238 2533 dedicate
1260 2505 1344 2531 one
1366 2491 1413 2530 of
1443 2492 1510 2530 his
1532 2491 1673 2529 works
1700 2497 1746 2529 to
1780 2490 1871 2529 Cic-

1041 2562 1138 2597 ero;
1172 2549 1226 2588 cf.
1249 2549 1336 2586 Att.
1364 2559 1426 2599 13.
1455 2559 1514 2585 12.
1541 2559 1564 2598 3
1596 2547 1734 2584 Varro
1761 2547 1874 2584 milli

1040 2607 1371 2644 denuntiaverat
1388 2617 1586 2655 magnam
1606 2616 1706 2640 sane
1721 2608 1760 2640 et
1771 2616 1871 2652 gra-

1040 2676 1129 2701 vem
1163 2660 1480 2710 προσφώνησιν;
1513 2658 1590 2697 but
1621 2659 1662 2696 in
1695 2668 1747 2710 45
1780 2658 1871 2696 Cic-

1041 2730 1114 2756 ero
1137 2717 1277 2756 wlites
1298 2715 1568 2766 impatiently
1587 2714 1691 2764 (Att.
1719 2725 1779 2764 13.
1808 2725 1868 2751 12.

1042 2773 1111 2825 3):
1155 2773 1372 2811 biennium
1398 2771 1635 2821 praeteriit,
1667 2783 1760 2807 cum
1798 2770 1871 2808 ille

1041 2829 1337 2874 Καλλιππίδης
1352 2827 1524 2865 assiduo
1539 2839 1668 2864 cursu
1684 2825 1867 2863 cubitum

1042 2885 1210 2922 nullum
1257 2884 1521 2933 processerit.
1616 2881 1871 2933 Ultimately

1042 2940 1217 2978 Varro's
1252 2938 1369 2976 work
1409 2939 1458 2975 de
1497 2937 1669 2988 Lingua
1710 2937 1869 2976 Latina

1042 2994 1269 3045 appeared,
1293 2993 1485 3032 between
1506 3003 1558 3044 45
1587 2992 1673 3031 and
1698 3004 1750 3043 43
1774 3002 1870 3037 B.C.,

1043 3051 1089 3088 of
1120 3050 1255 3088 which
1281 3055 1440 3101 twenty
1461 3048 1604 3087 books
1626 3061 1735 3087 were
1758 3047 1872 3086 dedi-

1042 3105 1167 3144 cated
1199 3112 1244 3143 to
1278 3105 1757 3155 Cicero—quattuor
1787 3103 1873 3142 ad-
