2067 3332
232 133 315 173 290
793 133 1071 173 CICERO'S
1114 133 1402 173 LETTERS.

1797 136 1897 189 [Ep.
1920 137 1972 178 C.

233 271 544 338 plurimum,
590 280 649 323 ut
692 280 843 339 put0‚
877 279 938 323 tu
981 289 1213 340 quoque,
1244 274 1403 339 ¹cuius
1447 274 1537 324 ille
1579 282 1735 325 tanta
1775 276 1973 327 merita

234 363 400 414 habet
450 370 658 429 quanta
705 379 868 414 nemo
911 370 1128 429 praeter
1170 380 1257 414 me
1272 380 1283 426 ;
1326 381 1625 431 numquam
1665 365 1811 416 enim
1842 366 1972 417 obli·
2043 361 2046 364 ⁴

232 452 414 504 viscar
466 452 704 503 maxima
757 470 820 504 ac
874 443 1121 520 plurima*
1156 470 1244 504 me
1293 453 1396 504 tibi
1444 455 1660 506 debere.
1745 456 1832 506 De
1886 457 1972 507 his

234 544 400 595 rebus
440 551 503 595 ut
547 544 793 610 exigeret
838 560 962 595 cum
1007 559 1071 594 eo
1117 543 1324 594 Furnio
1370 545 1637 596 mandavi.
1726 545 1890 613 Quod
1927 547 1974 597 si

234 642 498 701 quantam
540 635 715 685 debeo
756 633 1001 685 habuero
1044 633 1190 700 apud
1220 650 1344 684 eum
1377 635 1779 699 auctoritatem,
1813 637 1973 702 pluri-

235 741 384 775 mum
440 724 622 791 ipsum
679 723 882 775 iuverO.
971 723 1090 775 Nos
1132 722 1346 774 interea
1387 724 1605 775 duriore
1648 726 1975 777 condicione

234 814 439 865 bellum
470 814 829 876 sustinemuS,
864 813 1009 881 quod
1039 829 1220 880 neque
1253 814 1724 890 expeditissimam
1756 816 1973 867 dimica-

233 905 442 955 tionem
491 912 752 971 putamus
797 920 978 972 neque
1023 910 1211 955 tamen
1254 904 1582 971 refugiendo
1626 907 1974 957 commissuri

234 1012 424 1046 sumus
470 1002 531 1046 ut
579 994 755 1045 maius
806 993 1205 1046 detrimentum
1255 1011 1342 1045 res
1391 1012 1442 1061 p.
1486 995 1738 1062 accipere
1779 997 1971 1062 possit.

236 1085 400 1152 Quod
449 1085 493 1136 si
535 1092 630 1136 aut
669 1084 875 1137 Caesar
918 1101 976 1136 se
1017 1085 1325 1151 respexerit
1365 1092 1460 1136 aut
1502 1085 1806 1137 Africanae
1845 1087 1974 1153 legi-

233 1193 368 1227 ones
399 1175 653 1227 celeriter
692 1175 964 1236 venerint,
1001 1190 1224 1226 securos
1266 1192 1363 1227 vos
1404 1176 1473 1227 ab
1515 1176 1617 1228 hac
1666 1185 1823 1242 parte
1859 1178 1974 1227 red-

233 1267 441 1318 demus,
527 1267 629 1327 Tu,
662 1273 724 1324 ut
766 1265 1077 1326 instituisti,
1109 1281 1198 1316 me
1235 1265 1431 1333 diligas
1470 1283 1604 1333 rogo
1644 1267 1974 1334 proprieque

233 1365 391 1407 tuum
423 1374 545 1408 esse
574 1356 677 1408 tibi
705 1356 1055 1423 persuadeas,
1139 1371 1176 1406 V
1199 1356 1269 1408 K.
1306 1355 1456 1408 Sext.
1491 1373 1556 1408 ex
1585 1357 1796 1409 castriS.

236 1488 481 1527 Marcellus.
505 1512 558 1516 —
579 1494 630 1527 tu
672 1499 862 1539 quoque
887 1501 895 1524 :
936 1486 1062 1525 when

236 1544 443 1583 Octavius
493 1556 612 1582 came
662 1550 707 1581 to
765 1544 904 1581 Rome
953 1542 1064 1581 after

236 1600 373 1647 Julius
403 1599 602 1637 Caesar’s
633 1598 777 1644 death,
800 1598 854 1637 he
885 1597 1062 1637 showed

233 1662 353 1706 great
404 1654 627 1693 deference
666 1654 737 1692 for
778 1654 961 1701 Cicero;
1007 1653 1061 1692 cf.

236 1712 272 1748 A
279 1717 323 1748 tt.
351 1722 410 1758 14.
438 1721 498 1748 11.
523 1721 544 1748 2
568 1711 686 1749 modo
706 1712 824 1749 venit
839 1710 1060 1759 Octavius,

233 1772 273 1804 et
317 1767 483 1817 quidem
535 1767 581 1803 in
614 1767 863 1815 proximam
910 1765 1061 1803 villam

235 1822 442 1872 Phihppi,
476 1822 588 1859 milti
618 1826 724 1859 totus
760 1822 924 1859 deditus
937 1833 955 1866 ;
1001 1832 1063 1868 14.

239 1889 299 1915 12.
324 1889 345 1915 2
369 1878 578 1915 nobiscum
613 1877 680 1915 hic
702 1876 1010 1926 perhonorifice
1029 1881 1069 1914 et

234 1934 365 1971 amice
399 1934 608 1978 Octavius,
632 1931 719 1970 and
749 1933 833 1981 Ep.
855 1932 914 1969 ad
935 1932 1062 1969 Brut.

239 2000 271 2026 1.
307 1988 367 2026 18.
402 2000 424 2039 3
458 1988 643 2039 (written
674 1988 716 2025 in
747 1998 799 2038 43
833 1987 935 2037 B.C.)
966 2000 1060 2025 cum

235 2058 300 2082 me
305 2050 388 2093 pro
401 2044 714 2082 adulescentulo
728 2057 777 2081 ac
789 2048 925 2091 paene
930 2047 1065 2091 puero

235 2113 301 2137 res
341 2099 512 2149 publica
561 2099 779 2147 accepisset
824 2098 987 2135 vadem.
1009 2119 1064 2124 -

235 2161 368 2193 tanta
394 2153 565 2192 merita
585 2167 593 2190 ε
625 2153 682 2205 by
702 2153 769 2190 his
801 2165 930 2204 many
951 2165 1064 2191 com-

234 2210 490 2261 plimentary
511 2209 752 2247 references
784 2214 829 2246 to
853 2207 1063 2246 Octavius

233 2266 279 2304 in
315 2264 388 2304 the
438 2270 601 2311 senate,
646 2262 733 2302 and
782 2262 961 2315 notably
1009 2261 1065 2315 by

1145 1486 1211 1526 his
1246 1487 1391 1538 action
1431 1487 1474 1526 in
1510 1488 1707 1539 securing
1742 1501 1767 1527 a
1805 1495 1974 1528 senatus

1144 1544 1379 1581 consultum
1423 1543 1695 1594 authorizing
1734 1556 1759 1582 a
1800 1544 1976 1583 thanks-

1145 1598 1292 1649 giving
1314 1598 1362 1636 of
1382 1598 1477 1650 fifty
1494 1598 1598 1651 days
1613 1599 1656 1637 in
1679 1599 1819 1638 honor
1833 1600 1880 1638 of
1901 1600 1974 1639 the

1146 1654 1311 1706 victory
1343 1653 1500 1704 gained
1530 1654 1586 1706 by
1621 1655 1842 1701 Octavius,
1878 1656 1976 1694 Hir-

1146 1709 1242 1755 tius,
1275 1709 1360 1747 and
1392 1710 1533 1748 Pansa
1559 1722 1662 1748 near
1691 1711 1852 1748 Forum
1877 1711 1975 1750 Gal-

1144 1765 1298 1803 lorum.
1352 1764 1419 1803 Cf.
1442 1766 1630 1814 Philipp.
1657 1775 1690 1817 5.
1709 1776 1760 1817 45
1784 1781 1792 1813 3
1828 1777 1891 1814 14.
1910 1778 1972 1817 29.

1201 1819 1238 1858 8.
1270 1820 1450 1860 bellum
1470 1821 1770 1860 sustinemus
1792 1836 1799 1858 :
1831 1834 1885 1859 an
1902 1835 1976 1860 un-

1143 1876 1271 1914 usual
1302 1876 1567 1927 expression.
1655 1876 1722 1914 Cf.
1755 1878 1972 1923 sustinere,

1144 1932 1473 1977 Antibarbarus,
1497 1930 1582 1970 and
1614 1944 1685 1970 see
1717 1932 1790 1970 the
1811 1932 1974 1971 similar

1144 1987 1298 2036 phrase
1331 1987 1372 2024 in
1407 1998 1445 2037 3,
1473 2001 1546 2025 nos
1575 1987 1726 2033 adhuc,
1757 1994 1972 2026 eto—se

1144 2042 1422 2093 respexerit,
1459 2043 1575 2081 slzall
1611 2043 1654 2080 be
1692 2044 1887 2095 mindful
1922 2044 1975 2094 of

1142 2097 1210 2134 lzis
1227 2098 1319 2135 real
1333 2098 1534 2136 interests.
1598 2098 1684 2135 For
1701 2098 1786 2136 this
1803 2098 1971 2148 phrase,

1143 2152 1196 2190 cf.
1222 2152 1360 2190 Plaut.
1383 2153 1535 2191 Pseud.
1564 2151 1662 2201 612;
1695 2154 1791 2191 Ter.
1814 2154 1971 2192 Heaut.

1143 2217 1223 2256 703
1254 2218 1416 2258 919.—
1434 2219 1491 2246 ex
1513 2208 1710 2247 castris:
1742 2214 1788 2247 at
1811 2208 1971 2249 Cularo

1141 2261 1363 2315 probably.
