2067 3332
208 207 256 246 12
769 205 1045 255 CICERO’S
1088 205 1374 244 LETTERS.
1745 206 1843 257 [Ep.
1863 207 1931 245 IV.

205 347 371 396 etiam
415 362 601 396 amore
644 363 822 406 usum,
868 362 1008 411 quae
1049 352 1105 395 te
1147 345 1491 405 delectarint,
1537 345 1833 406 hominem,
1879 353 1938 396 ut

205 453 308 503 ego
351 452 571 501 semper
604 435 864 496 iudicavi,
911 436 967 484 in
1009 436 1160 485 omni
1200 434 1401 486 iudicio
1445 434 1936 502 elegantissimum,

204 543 344 593 quae
385 543 473 576 me
516 525 684 592 digna
725 524 952 591 putaris,
987 525 1270 576 coemisse.
1359 525 1470 576 Sed
1511 524 1676 575 velim
1719 533 1938 576 maneat

205 616 578 682 Damasippus
610 615 664 665 in
697 615 978 665 sententia
991 632 1001 677 ;
1044 633 1268 681 prorsus
1300 615 1447 666 enim
1478 632 1544 666 ex
1585 615 1707 666 istis
1749 616 1940 682 empti-

204 706 403 757 onibus
458 705 664 756 nullam
719 705 1000 768 desidero;
1057 713 1118 756 tu
1172 713 1359 756 autern
1415 705 1639 772 ignarus
1695 705 1938 756 instituti

203 796 326 858 mei,
360 795 553 863 quanti
582 813 685 862 ego
723 812 901 862 genus
944 795 1168 846 omnino
1211 795 1495 862 signorum
1538 795 1783 846 omnium
1828 812 1938 846 non

202 886 452 946 aestimO,
509 886 653 936 tanti
708 885 814 936 ista
868 893 1130 952 quattuor
1184 893 1277 935 aut
1333 885 1578 952 quinque
1634 884 1936 952 sumpsisti.

204 973 451 1028 Bacchas
491 976 626 1026 istas
666 993 792 1026 cum
836 975 1015 1026 Musis
1052 975 1269 1025 Metelli
1304 992 1604 1041 comparas.
1691 974 1840 1042 Quid
1875 974 1940 1026 si-

203 1066 369 1117 mile?
451 1065 687 1132 primum
719 1065 867 1132 ipsas
897 1082 1000 1132 ego
1032 1066 1223 1115 Musas
1254 1082 1554 1131 numquam
1584 1064 1727 1115 tanti
1756 1072 1939 1131 putas-

204 1173 335 1218 sem,
368 1164 534 1223 atque
563 1156 617 1206 id
654 1155 916 1206 fecissem
962 1155 1141 1205 Musis
1184 1155 1440 1205 omnibus
1484 1155 1935 1221 approbantibUS,

203 1247 300 1297 sed
348 1253 533 1297 tamen
581 1253 695 1296 erat
738 1253 928 1311 aptum
972 1244 1344 1295 bibliothecae
1383 1244 1691 1311 studiisque
1733 1244 1938 1295 nostris

203 1353 540 1403 congruens;
586 1335 818 1386 Bacchis
849 1352 977 1385 vero
1007 1335 1102 1385 ubi
1132 1342 1216 1385 est
1247 1335 1390 1401 apud
1424 1351 1512 1385 me
1550 1334 1741 1385 locus?
1828 1334 1937 1385 ‘At

202 1425 508 1493 pulchellae
538 1424 702 1476 sunt.’
751 1425 895 1475 Novi
925 1425 1134 1491 optime
1163 1433 1218 1475 et
1249 1441 1414 1491 saepe
1435 1424 1573 1476 vidi:
1612 1425 1937 1475 nominatim

201 1516 301 1567 tibi
332 1516 493 1583 signa
521 1516 654 1565 mihi
684 1523 816 1566 nota
844 1516 1209 1575 mandassem,
1238 1515 1284 1566 si
1313 1516 1659 1581 probassem;
1698 1532 1762 1566 ea
1791 1515 1936 1565 enim

203 1607 362 1674 signa
391 1623 493 1674 ego
523 1623 705 1657 emere
737 1606 901 1666 soleO,
935 1623 1075 1672 quae
1103 1606 1170 1656 ad
1201 1606 1621 1656 similitudinem
1663 1605 1938 1674 gymnasi-

202 1714 357 1747 orum
400 1704 669 1748 exornent
708 1696 843 1746 mihi
885 1695 939 1745 in
983 1695 1257 1761 palaestra
1298 1695 1495 1746 locum.
1583 1695 1778 1746 Martis
1808 1712 1937 1746 vero

204 1786 425 1853 signum
456 1803 563 1854 quo
606 1786 754 1847 mihi,
789 1786 939 1852 pacis
981 1786 1233 1836 auctori?
1319 1786 1547 1836 Gaudeo
1589 1785 1800 1835 nullum
1845 1785 1938 1837 Sa-

201 1876 351 1927 turni
381 1876 602 1944 signum
630 1876 831 1938 fuisse,
861 1876 996 1926 haec
1026 1875 1172 1926 enim
1197 1877 1304 1926 duo
1335 1875 1494 1942 signa
1522 1883 1772 1942 putarem
1804 1875 1938 1925 mihi

201 1983 295 2017 aes
326 1966 565 2017 alienum
594 1965 865 2017 attulisse.
943 1966 1188 2016 Mercuri
1217 1965 1435 2015 mallem
1465 1964 1683 2032 aliquod
1711 1964 1938 2016 fuisset:

200 2055 433 2118 felicius,
461 2063 610 2122 putO,
638 2073 762 2106 cum
793 2055 1032 2105 Avianio
1061 2055 1370 2121 transigere
1398 2072 1706 2122 possemus,
1773 2055 1936 2122 Quod

259 2184 295 2211 2.
329 2173 656 2224 Damasippus
673 2171 759 2210 had
775 2173 1026 2224 apparently

201 2228 419 2279 promised
458 2234 504 2266 to
547 2228 646 2266 take
687 2228 760 2266 the
795 2234 960 2266 statues
993 2227 1026 2265 if

203 2284 305 2336 they
326 2283 398 2322 did
419 2290 496 2322 not
517 2284 663 2334 please
695 2283 861 2322 Cicero.
875 2306 929 2311 —
946 2295 1026 2333 ge-

202 2351 293 2386 nus
311 2340 506 2378 omnino
524 2339 772 2390 signorum
796 2339 1023 2377 omnium.

201 2396 267 2432 all
303 2395 370 2433 the
408 2400 561 2433 statues
601 2396 647 2432 in
693 2395 759 2432 tlze
802 2395 948 2432 world.
972 2417 1026 2422 ——

206 2450 365 2488 Musis
407 2450 617 2488 Metelli:
668 2455 833 2488 statues
869 2448 911 2486 in
953 2449 1025 2488 the

201 2501 451 2555 possession
492 2505 539 2543 of
590 2505 806 2543 Metellus.
829 2528 883 2533 —
905 2505 1024 2543 tanti

203 2567 478 2611 putassem:
518 2575 570 2598 sc.
607 2573 654 2599 as
694 2573 778 2612 you
819 2559 919 2610 paid
958 2559 1027 2598 for

202 2629 309 2667 your
332 2616 537 2654 Bacchae.
552 2639 606 2643 —
622 2616 779 2654 Musis
802 2615 1025 2654 omnibus

203 2671 598 2721 approbantibus:
626 2671 698 2709 the
722 2672 870 2709 Muses
893 2671 1026 2709 them-

202 2727 340 2764 selves
380 2726 521 2764 would
562 2732 637 2764 not
679 2726 787 2764 have
823 2725 931 2764 been
967 2725 1026 2763 of-

202 2781 361 2819 fended
382 2789 426 2819 at
457 2781 584 2831 being
616 2781 735 2820 rated
766 2787 809 2820 at
841 2794 866 2819 a
895 2782 1025 2819 lower

203 2837 316 2885 price
340 2837 442 2874 than
474 2850 558 2888 you
590 2837 689 2887 paid
719 2836 787 2874 for
819 2837 891 2875 the
925 2837 1025 2874 Bac-

203 2891 320 2928 chae.
336 2915 390 2919 ——
408 2899 522 2939 erat,
544 2893 688 2930 would
716 2893 821 2930 have
852 2894 1027 2930 been.—

205 2947 375 2984 Martis
409 2975 418 2985 .
452 2975 462 2985 .
495 2976 504 2985 .
536 2948 669 2997 pacis
706 2947 911 2986 auctori:
952 2946 1025 2984 the

205 3002 396 3039 Bacchae
413 3002 455 3039 in
470 3003 659 3039 (ejicero's
677 3002 804 3054 study
818 3001 958 3039 would
972 3001 1025 3039 be

202 3055 359 3093 absurd
387 3057 572 3106 enough,
602 3056 677 3095 but
706 3057 778 3095 the
807 3064 949 3095 statue
980 3056 1027 3094 of

206 3112 321 3149 Mars
336 3110 476 3149 would
490 3111 542 3149 be
558 3112 642 3149 still
661 3124 778 3149 more
793 3111 1024 3149 ridiculous

1112 2171 1181 2210 for
1197 2185 1222 2210 a
1238 2185 1337 2210 man
1353 2171 1449 2210 who
1466 2170 1618 2223 prided
1634 2171 1807 2210 himself
1821 2185 1936 2223 upon

1113 2227 1240 2278 being
1256 2241 1282 2266 a
1297 2229 1387 2266 dux
1401 2233 1573 2278 togatus.
1637 2227 1705 2266 Cf.
1725 2229 1812 2266 Cat.
1831 2239 1865 2279 3.
1886 2239 1935 2280 23

1113 2285 1241 2333 togati
1278 2296 1342 2321 me
1373 2296 1457 2321 uno
1491 2288 1622 2333 togato
1656 2283 1756 2321 duce
1789 2288 1829 2321 et
1861 2284 1936 2320 im-

1104 2344 1302 2388 peratore
1331 2339 1498 2376 vicistis.
1512 2361 1567 2366 -
1583 2350 1667 2377 aes
1693 2338 1903 2377 alienum
1923 2351 1931 2375 ε

1114 2394 1186 2432 the
1208 2394 1357 2444 quaint
1388 2400 1605 2432 comment
1634 2393 1682 2431 of
1713 2393 1934 2432 Manutius

1112 2449 1165 2488 is:
1197 2450 1359 2487 Martis
1388 2451 1500 2487 enim
1532 2455 1572 2487 et
1599 2450 1787 2487 Saturni
1811 2450 1933 2499 szgrna

1114 2506 1229 2543 nihil
1250 2510 1500 2554 prosperum
1524 2506 1786 2554 promittere,
1807 2509 1934 2542 astro-

1113 2562 1199 2610 logi
1225 2560 1507 2610 confirmant:
1551 2561 1686 2605 stulte,
1719 2560 1796 2610 qui
1830 2560 1935 2597 divi-

1114 2617 1323 2653 nationem
1355 2629 1498 2653 rerum
1521 2616 1800 2666 futurarum,
1831 2627 1937 2665 quae

1113 2672 1192 2708 soli
1222 2672 1312 2708 Deo
1343 2676 1461 2708 notae
1488 2675 1598 2715 sunt,
1630 2671 1690 2708 ad
1714 2683 1833 2708 suam
1866 2670 1935 2707 sci-

1112 2727 1266 2764 entiam
1306 2725 1820 2764 revocent.-—Mercuri:
1862 2724 1935 2762 the

1111 2781 1197 2831 god
1237 2781 1284 2819 of
1323 2780 1439 2831 good
1479 2780 1592 2825 luck,
1625 2780 1852 2832 especially
1892 2779 1934 2818 in

1113 2849 1267 2888 money
1284 2842 1462 2874 matters
1483 2850 1491 2883 3
1523 2835 1575 2873 cf.
1600 2835 1710 2873 Hor.
1731 2836 1818 2873 Sat.
1839 2846 1872 2872 2.
1896 2845 1932 2885 3.

1112 2890 1162 2929 68
1193 2893 1337 2929 reiecta
1365 2892 1542 2941 praeda,
1572 2904 1699 2941 quam
1732 2897 1935 2940 praesens

1111 2947 1355 2985 Mercurius
1377 2948 1505 2998 fert,·
1542 2947 1653 2984 Pers.
1685 2945 1722 2984 6.
1754 2945 1804 2984 62
1840 2958 1932 2983 sum

1111 3002 1186 3038 tibi
1204 3002 1448 3039 lilercurius
1458 3014 1475 3047 ,·
1507 3002 1624 3039 venio
1645 3001 1745 3038 deus
1766 3001 1847 3038 huc
1866 3013 1934 3049 ego

1110 3062 1158 3093 ut
1204 3057 1276 3094 ille
1326 3058 1527 3106 pingitur
1543 3069 1557 3100 ,·
1616 3054 1700 3093 and
1756 3055 1933 3093 Plautus

1111 3112 1269 3160 Amph.
1290 3122 1463 3159 1—14.-
1477 3110 1662 3149 felicius
1682 3139 1691 3147 .
1717 3139 1726 3147 .
1752 3139 1760 3148 .
1779 3116 1933 3148 trans·
1965 3149 1971 3155 ,
2016 3123 2020 3128 ·
