2067 3332
226 123 308 165 270
795 124 1073 164 CICERo’s
1116 124 1402 164 LETTERS.
1692 124 1793 176 [Ep.
1817 125 1965 164 XCII.

227 262 400 314 servis
454 279 674 330 semper
727 262 902 315 libera
955 263 1200 325 fuerunt,
1249 271 1309 315 ut
1351 263 1614 315 timerent
1657 265 1964 332 gauderent

225 353 475 404 dolerent
512 371 612 404 suo
648 354 832 420 potius
863 371 1025 421 quam
1065 354 1293 406 alterius
1332 354 1587 418 arbitri03
1629 371 1769 422 quae
1798 373 1961 416 nune,

225 451 286 495 ut
340 444 563 511 quidem
617 444 710 495 isti
770 445 1028 496 dictitant
1087 445 1394 496 ‘libertatis
1462 444 1754 507 auctoreS,’
1812 453 1964 496 metu

226 535 385 586 nobis
415 542 746 602 extorquere
789 543 1077 587 conantur.
1163 535 1274 587 Sed
1305 536 1438 586 nihil
1467 543 1656 603 agunt.
1744 535 1964 587 Nullius

226 642 483 692 umquam
518 625 748 693 periculi
791 627 1093 687 terroribus
1135 627 1202 678 ab
1246 626 1426 678 officio
1469 634 1563 677 aut
1602 627 1670 678 ab
1719 626 1964 677 humani-

224 724 340 766 tate
393 716 723 780 desciscam;
784 734 1086 784 numquam
1142 717 1289 768 enim
1364 717 1656 768 honestam
1729 724 1963 768 mortem

223 806 561 873 fugiendam,
596 824 760 875 saepe
790 808 956 859 etiam
998 808 1368 875 oppetendam
1402 807 1606 874 putavi.
1693 806 1804 859 Sed
1835 806 1963 874 quid

224 897 357 947 mihi
396 906 726 949 suscensent
760 898 806 949 si
847 899 900 949 id
943 906 1091 965 opto,
1125 906 1185 949 ut
1225 898 1504 965 paeniteat
1536 915 1629 949 eos
1666 898 1750 949 sui
1788 897 1962 948 facti?

227 987 401 1054 Cupio
444 989 591 1039 enim
638 988 893 1040 Caesaris
949 997 1182 1040 mortem
1227 989 1482 1040 omnibus
1525 1005 1648 1040 esse
1691 988 1960 1040 acerbam.

228 1089 239 1109 ‘
265 1078 344 1128 At
388 1079 563 1130 debeo
605 1097 703 1146 pro
746 1079 892 1131 civili
932 1087 1090 1146 parte
1133 1096 1248 1131 rem
1292 1097 1342 1147 p.
1387 1079 1529 1130 velle
1571 1077 1814 1130 salvam.’
1900 1079 1964 1129 Id

224 1169 443 1236 quidem
487 1187 575 1220 me
617 1187 834 1237 cupere,
881 1170 986 1221 nisi
1028 1178 1084 1221 et
1126 1178 1257 1222 ante
1300 1177 1424 1221 acta
1471 1170 1587 1221 vita
1641 1177 1696 1220 et
1753 1168 1965 1236 reliqua

224 1276 347 1310 mea
401 1277 527 1326 spes
582 1268 804 1312 tacente
872 1277 960 1311 me
1009 1261 1221 1327 probat,
1281 1261 1518 1312 dicendo
1573 1260 1796 1312 vincere
1851 1276 1962 1310 non

225 1350 461 1416 postulo
549 1351 735 1418 Quare
776 1351 1037 1402 maiorem
1093 1352 1147 1401 in
1203 1352 1425 1402 modum
1468 1359 1525 1402 te
1568 1367 1702 1418 rogo
1744 1358 1805 1401 ut
1848 1366 1962 1401 rem

224 1441 495 1506 potiorem
552 1442 802 1492 oratione
857 1442 1026 1493 ducas
1070 1442 1331 1509 mihique,
1378 1442 1424 1492 si
1476 1441 1652 1493 sentis
1707 1440 1964 1508 expedire

224 1539 375 1583 recte
418 1532 551 1594 fieri,
585 1533 775 1584 credas
805 1532 1011 1583 nullam
1048 1532 1494 1584 communionem
1535 1548 1660 1583 cum
1695 1530 1964 1598 improbis

225 1639 347 1672 esse
385 1640 563 1689 posse.
648 1623 743 1673 An
785 1624 930 1690 quod
968 1623 1295 1675 adulescens
1334 1622 1601 1690 praestiti,
1635 1639 1759 1674 cum
1795 1622 1962 1672 etiam

225 1729 406 1763 errare
441 1731 565 1764 cum
608 1714 966 1765 excusatione
1009 1731 1244 1780 possem,
1277 1713 1329 1764 id
1359 1730 1508 1764 nunc
1543 1720 1726 1772 aetate
1760 1711 1963 1779 praeci-

225 1803 399 1869 pitata
453 1812 791 1855 commutem
831 1822 893 1856 ac
938 1822 1025 1856 me
1064 1805 1183 1871 ipse
1221 1804 1506 1855 retexam?
1590 1803 1718 1854 Non
1762 1803 1962 1854 faciam

225 1910 405 1961 neque
447 1896 592 1961 quod
635 1895 924 1961 displiceat
968 1895 1330 1956 committam,
1375 1901 1760 1962 praeterquam
1816 1893 1963 1961 quod

225 1984 465 2036 hominis
521 1985 655 2035 mihi
703 1986 1147 2037 coniunctissimi
1189 2003 1252 2038 ac
1294 1985 1395 2036 viri
1435 1984 1762 2052 amplissimi
1804 1983 1962 2034 doleo

227 2092 449 2141 gravem
519 2093 722 2127 casum.
835 2076 998 2143 Quod
1070 2076 1116 2127 si
1193 2076 1353 2127 aliter
1418 2092 1599 2127 essem
1667 2074 1958 2135 animatuS,

226 2183 526 2232 numquam
567 2167 711 2232 quod
756 2166 996 2217 facerem
1042 2183 1322 2233 negarem,
1359 2182 1429 2217 ne
1477 2173 1531 2216 et
1580 2165 1636 2216 in
1681 2165 1962 2231 peccando

226 2256 507 2321 improbus
551 2264 606 2306 et
650 2256 704 2306 in
748 2257 1146 2308 dissimulando
1191 2257 1416 2308 timidus
1460 2273 1523 2307 ac
1565 2273 1739 2306 vanus
1783 2254 1963 2306 existi-

226 2373 474 2412 timerent:
503 2385 563 2411 we
581 2372 735 2411 should
758 2380 908 2424 expect
929 2387 1052 2413 some

227 2428 328 2467 verb
353 2429 437 2466 like
459 2434 679 2478 sperarent
697 2442 745 2466 or
766 2435 966 2479 cuperent
984 2430 1050 2468 be-

225 2484 320 2522 fore
352 2484 590 2522 timerent.
608 2484 908 2524 —libertatis
938 2496 1051 2525 auc-

226 2546 356 2578 tores
377 2555 385 2578 :
417 2540 568 2578 Cicero
590 2540 836 2593 repeatedly
853 2541 956 2579 calls
980 2541 1051 2579 the

227 2595 519 2646 conspirators
559 2596 813 2642 liberatores,
853 2609 923 2646 eg.
965 2598 1049 2634 Att.

232 2663 295 2699 14,
320 2662 380 2688 12.
405 2663 451 2696 23
484 2651 598 2688 Phil.
626 2662 658 2688 1.
682 2651 718 2689 6.

282 2718 318 2754 4.
352 2718 436 2756 pro
459 2706 584 2744 civili
607 2713 756 2757 parte,
778 2720 825 2744 as
845 2720 870 2744 a
893 2708 1049 2745 citizen.

226 2786 280 2789 —
294 2762 475 2812 reliqua
494 2774 601 2800 mea
619 2774 747 2812 spes,
772 2776 841 2812 my
862 2763 1052 2812 hopesor

226 2817 455 2868 thefutnre
471 2830 486 2862 ,·
515 2817 851 2868 corresponding
873 2824 916 2856 to
940 2824 1049 2855 ante

227 2879 334 2910 aeta
374 2873 559 2910 vita.—
581 2873 784 2923 postulo,
817 2878 969 2921 expect,
1002 2885 1049 2910 as

226 2927 470 2980 frequently
491 2928 532 2965 in
558 2927 749 2979 comedy.
798 2928 864 2965 Cf.
885 2929 1051 2965 Lorenz

228 2996 283 3020 on
310 2983 445 3021 I'laut.
471 2984 621 3021 Pseud.
638 2982 731 3033 829.
764 2984 934 3020 Postulo
949 2983 1048 3021 with

228 3038 301 3077 the
331 3039 481 3089 simple
512 3038 629 3076 infin.
670 3038 704 3076 is
746 3051 844 3090 very
885 3051 975 3076 rare
1006 3038 1049 3075 in

1140 2374 1292 2413 Cicero
1313 2389 1321 2421 3
1353 2373 1406 2412 cf.
1441 2374 1597 2424 Draeg.
1621 2374 1732 2411 Hist.
1755 2373 1858 2424 Syn.
1884 2370 1961 2409 112.

1169 2441 1212 2468 21
1239 2429 1268 2467 f.

1139 2441 1162 2481 3
1197 2496 1231 2537 5.
1264 2485 1493 2524 maiorem
1544 2484 1592 2523 in
1642 2484 1853 2529 modurn,
1895 2483 1963 2521 the

1139 2554 1252 2578 more
1284 2542 1506 2590 earnestly.
1522 2562 1576 2567 —
1597 2539 1639 2578 si
1662 2568 1672 2578 .
1697 2568 1706 2577 .
1732 2568 1741 2577 .
1766 2538 1885 2585 fieri,
1926 2538 1972 2589 if

1129 2609 1215 2646 you
1246 2597 1368 2633 think
1398 2597 1433 2633 it
1460 2596 1559 2633 well
1575 2596 1656 2646 sor
1684 2596 1752 2632 the
1782 2594 1899 2643 right
1924 2599 1962 2631 to

1129 2653 1313 2700 prevail.
1334 2675 1388 2679 —
1410 2657 1566 2689 aetate
1619 2649 1932 2701 praecipitata
1951 2663 1959 2686 :

1138 2706 1222 2745 this
1252 2706 1393 2744 would
1425 2718 1541 2744 seem
1574 2712 1619 2743 to
1650 2705 1835 2743 indicate
1867 2704 1962 2741 that

1139 2762 1299 2800 Matius
1322 2774 1406 2800 was
1430 2768 1472 2799 at
1498 2761 1607 2798 least
1631 2760 1725 2812 fifty
1746 2772 1866 2812 years
1888 2758 1961 2797 old

1137 2817 1260 2855 when
1284 2817 1368 2855 this
1390 2817 1514 2854 letter
1535 2828 1621 2854 was
1638 2816 1818 2854 written.
1881 2815 1961 2852 See

1137 2872 1229 2909 also
1266 2873 1342 2922 Ep.
1377 2872 1496 2910 XCI.
1535 2882 1556 2909 2
1589 2881 1821 2908 nn.—me
1858 2869 1961 2919 ipse

1137 2934 1363 2973 retexam,
1382 2927 1496 2965 shall
1514 2927 1546 2963 l
1560 2926 1673 2963 undo
1692 2926 1759 2963 the
1773 2926 1890 2962 work
1911 2924 1962 2975 qs

1136 2996 1205 3031 my
1235 2983 1345 3033 lise?
1377 2981 1614 3033 (Watson).
1633 2981 1827 3031 —quod
1859 2979 1958 3018 dis-

1135 3038 1333 3088 pliceat:
1364 3051 1415 3075 sc.
1438 3039 1650 3087 cuiqnam.
