2067 3332
133 118 218 156 Att.
245 128 277 155 1.
306 115 389 168 16.]
688 114 968 153 CICERO'S
1016 115 1304 154 LETTERS.
1832 116 1881 158 17

132 256 406 308 iudicibus
437 255 690 322 effugere
727 270 906 320 posse,
941 254 1191 305 contraxi
1219 254 1342 306 vela
1382 255 1726 322 perspiciens
1768 256 1881 307 ino-

130 347 277 414 piam
307 345 552 397 iudicum
584 361 764 412 neque
794 344 905 394 dixi
935 344 1232 411 quicquam
1263 363 1362 412 pro
1397 346 1737 408 testimoniO,
1770 347 1880 398 nisi

129 438 277 505 quod
323 444 439 488 erat
490 436 567 487 ita
610 443 805 486 notum
851 442 1019 501 atque
1064 442 1332 486 testatum
1383 444 1444 487 ut
1493 453 1605 487 non
1655 454 1878 503 possem

128 527 448 595 praeterire.
535 527 747 593 Itaque,
781 525 827 576 si
870 542 1093 576 causam
1137 527 1357 593 quaeris
1399 527 1783 589 absolutioniS,
1816 537 1878 580 ut

129 619 236 669 iam
267 615 401 686 πρὸς
433 614 493 668 τὸ
522 614 787 684 πρότερον
825 624 1085 678 revertar,
1121 625 1343 684 egestas
1387 617 1630 670 iudicum
1672 619 1779 669 fuit
1822 627 1877 670 et

128 709 439 776 turpitud03
487 708 539 759 id
569 716 755 758 autem
787 715 845 758 ut
876 708 1168 770 accideret,
1203 709 1562 760 commissum
1605 717 1690 761 est
1737 711 1878 761 Hor-

126 800 275 851 tensi
324 799 573 860 consilio,
616 799 725 866 qui,
767 799 898 849 dum
940 799 1151 850 veritus
1195 808 1280 850 est
1324 817 1395 850 ne
1440 801 1633 876 Fufius
1678 801 1726 851 ei
1766 801 1878 869 legi

126 891 514 951 intercederet,
558 906 698 957 quae
741 907 808 940 ex
851 897 1078 941 senatus
1121 890 1378 942 consulto
1419 891 1718 953 ferebatur,
1764 909 1876 943 non
1919 951 1922 955 ,

123 981 262 1032 vidit
287 981 436 1043 illud,
461 981 635 1032 satius
666 998 790 1032 esse
820 980 975 1031 illum
1005 981 1061 1031 in
1093 981 1321 1032 infamia
1350 981 1587 1049 relinqui
1616 1000 1679 1034 ac
1709 983 1876 1034 sordi-

124 1073 229 1124 bus
279 1089 443 1140 quam
494 1071 712 1122 infirmo
763 1071 966 1123 iudicio
1016 1072 1306 1134 committi,
1354 1073 1451 1124 sed
1499 1073 1700 1124 ductus
1749 1073 1875 1125 odio

123 1162 440 1230 properavit
470 1179 585 1213 rem
616 1163 893 1214 deducere
922 1162 978 1213 in
1021 1162 1304 1224 iudicium,
1338 1181 1462 1214 cum
1506 1163 1661 1215 illum
1703 1163 1876 1231 plum-

123 1255 228 1306 beo
257 1253 441 1322 gladio
471 1253 782 1321 iugulatum
822 1253 888 1304 iri
925 1262 1113 1305 tamen
1144 1254 1370 1306 diceret.
1458 1254 1569 1306 Sed
1611 1254 1873 1306 iudicium

123 1345 171 1397 si
212 1345 430 1413 quaeris
473 1345 635 1413 quale
676 1344 863 1406 fuerit,
911 1345 1222 1397 incredibili
1265 1345 1432 1407 exitu,
1480 1346 1558 1397 sic
1602 1345 1683 1397 uti
1725 1364 1874 1398 nunc

124 1453 191 1488 ex
219 1444 425 1488 eventu
455 1437 524 1487 ab
553 1436 690 1497 aliis,
725 1454 757 1487 a
784 1453 873 1487 me
903 1444 1094 1487 tamen
1125 1454 1192 1488 ex
1222 1437 1342 1504 ipso
1377 1436 1535 1487 initio
1579 1437 1872 1490 consilium

125 1527 399 1579 Hortensi
441 1527 896 1595 reprehendatur.
999 1529 1159 1589 Nam,
1207 1536 1267 1579 ut
1312 1528 1539 1580 reiectio
1594 1528 1744 1580 facta
1785 1537 1872 1580 est

122 1655 404 1695 —contraxi
431 1654 556 1694 vela:
593 1654 747 1694 Cicero
777 1655 813 1694 is
843 1654 954 1694 fond

124 1711 173 1751 of
210 1711 369 1762 figures
405 1710 548 1749 drawn
588 1711 702 1749 from
741 1711 862 1762 ships
904 1724 954 1750 or

123 1767 382 1819 shipwreck;
414 1767 482 1813 cf„
504 1767 575 1805 for
598 1767 806 1813 instance,
830 1769 951 1806 Fam.

127 1835 188 1862 12.
213 1835 233 1861 2
242 1833 276 1876 5.
303 1833 323 1875 5
344 1837 471 1875 quam
495 1821 548 1862 'ob
572 1837 674 1868 rem,
698 1825 761 1861 mi
783 1824 951 1871 Quinte,

123 1880 343 1919 conscende
374 1879 598 1924 nobiscum,
629 1885 670 1918 et
699 1880 866 1930 quidem
897 1880 958 1918 ad

115 1936 322 1988 puppim;
360 1949 447 1973 una
479 1937 605 1973 navis
633 1940 693 1974 est
720 1937 805 1973 iam
839 1936 953 1974 bono-

123 2005 221 2030 rum
259 1992 464 2038 omnium,
496 2005 625 2042 quam
668 1993 835 2042 quidem
880 2005 954 2029 nos

121 2048 274 2086 damus
290 2053 458 2098 operam
482 2053 532 2086 ut
546 2053 699 2085 rectam
718 2053 951 2093 teneamus,·

125 2105 291 2142 utinam
319 2109 524 2154 prospero
553 2102 711 2142 cursu!
750 2104 831 2150 sed,
864 2105 953 2154 qui-

124 2173 301 2211 cumque
343 2161 459 2198 venti
505 2166 645 2206 erunt,
685 2173 760 2199 ars
809 2166 953 2198 nostra

124 2222 229 2254 certe
251 2229 335 2254 non
356 2217 499 2254 aberit.
561 2215 628 2254 Cf.
652 2216 745 2255 also
776 2216 849 2255 the
875 2215 954 2254 ref-

127 2285 279 2311 erence
296 2279 341 2310 to
360 2272 432 2311 the
448 2273 738 2323 slzzpwrecked
754 2272 953 2311 fortunes

127 2328 175 2367 of
219 2329 441 2367 Catiline's
481 2329 713 2374 followers,
754 2327 839 2367 and
880 2328 954 2367 the

127 2385 402 2436 comparison
426 2384 473 2423 of
498 2385 570 2423 the
593 2384 884 2436 conspirators
907 2390 953 2423 to

124 2441 376 2492 bilge-water
415 2441 459 2479 in
506 2441 579 2479 the
626 2442 722 2491 skip
768 2441 819 2492 of
851 2445 955 2480 state

128 2497 191 2548 (in
237 2498 325 2536 Cat.
366 2509 400 2535 2.
435 2497 806 2548 7).—inopiam:
844 2496 955 2535 their

123 2561 305 2605 poverty
333 2552 418 2591 and
449 2552 657 2604 probable
687 2552 955 2605 venality.—

124 2620 280 2659 neque
313 2609 408 2647 dixi
441 2638 450 2647 .
486 2638 495 2646 .
530 2638 539 2647 .
572 2615 823 2648 testatum:
857 2608 954 2646 Clo-

124 2663 221 2703 dius
272 2664 381 2703 tried
421 2675 467 2703 to
509 2663 717 2703 establish
758 2676 811 2702 an
853 2663 955 2702 alibi

123 2719 180 2772 by
209 2720 393 2771 proving
433 2720 528 2759 that
559 2732 615 2758 on
646 2720 720 2759 the
755 2719 878 2770 night
909 2719 952 2758 in

123 2776 326 2827 question
366 2776 420 2814 he
460 2788 546 2815 was
595 2781 639 2814 at
689 2776 951 2821 Interamna,

123 2842 176 2882 90
198 2832 321 2871 miles
342 2831 456 2870 from
481 2833 634 2878 Rome,
657 2831 780 2870 while
799 2831 952 2870 Cicero

123 2886 311 2926 testified
342 2887 436 2926 that
465 2886 647 2926 Clodius
678 2886 765 2926 had
797 2885 953 2926 visited

122 2942 190 2982 his
230 2943 368 2982 house
410 2943 502 2982 that
539 2956 640 2995 very
673 2942 767 2994 day,
804 2942 951 2981 within

123 2998 243 3037 three
275 2999 409 3038 hours
442 2999 489 3037 of
521 2998 593 3037 the
626 2998 728 3037 time
759 2999 800 3036 in
832 3010 953 3049 ques-

123 3053 215 3093 tion
241 3054 311 3105 (cf.
336 3056 423 3092 Att.
449 3066 483 3092 2.
512 3066 544 3092 1.
571 3065 609 3107 5;
636 3054 745 3093 Plut.
769 3055 847 3093 Cic.
866 3054 950 3104 29).

1041 1654 1213 1707 -πρὸς
1233 1654 1285 1695 τὸ
1309 1657 1544 1706 πρότερον;
1577 1661 1623 1694 to
1651 1661 1797 1694 return
1826 1662 1872 1695 to

1042 1711 1115 1750 the
1133 1711 1225 1750 first
1243 1712 1457 1763 question,
1476 1714 1536 1750 i.e.
1555 1712 1663 1764 quid
1677 1713 1877 1750 acciderit

1040 1768 1089 1805 de
1105 1768 1271 1806 iudicio.
1285 1791 1340 1796 -—
1353 1768 1566 1814 infamia,
1581 1768 1779 1818 disgrace,
1794 1774 1873 1806 not

1042 1823 1308 1875 technically,
1334 1824 1445 1862 ‘loss
1463 1823 1510 1861 of
1526 1823 1804 1874 citizenship.'
1818 1847 1873 1852 —

1043 1880 1285 1918 sordibus:
1318 1879 1390 1918 the
1418 1879 1650 1930 mourning
1670 1892 1786 1918 worn
1817 1878 1873 1932 by

1040 1948 1222 1986 persons
1253 1935 1439 1974 accused
1474 1934 1871 1987 (VVatson).—iu-

1042 1992 1261 2042 gulaturn
1304 1991 1386 2030 iri:
1425 1991 1615 2043 scarcely
1645 2004 1671 2029 a
1700 1991 1873 2043 literary

1040 2047 1171 2093 word,
1205 2047 1283 2086 but
1322 2047 1549 2086 borrowed
1587 2047 1702 2085 from
1743 2047 1872 2085 collo-

1040 2103 1157 2154 quial
1176 2104 1315 2142 Latin.
1359 2103 1495 2150 Thus,
1513 2102 1565 2142 cf.
1587 2103 1723 2141 Plaut.
1739 2103 1870 2141 Sticlz.

1045 2159 1115 2211 581
1154 2161 1213 2198 ita
1244 2161 1307 2197 mi
1333 2165 1520 2198 auctores
1538 2159 1679 2211 suere,
1712 2164 1762 2197 ut
1788 2171 1871 2209 ego-

1041 2222 1126 2254 met
1144 2229 1209 2254 me
1230 2216 1352 2254 lzoclz'e
1379 2216 1618 2265 iugularem
1639 2215 1785 2266 fame,·
1817 2214 1870 2252 cf.

1041 2271 1133 2310 also
1159 2272 1268 2310 Hor.
1291 2273 1380 2310 Sat.
1402 2282 1434 2309 1.
1455 2282 1490 2320 7.
1511 2282 1574 2323 35.
1591 2270 1840 2309 —diceret
1861 2285 1870 2307 z

1041 2327 1094 2366 cf.
1117 2329 1278 2373 diceret,
1299 2328 1377 2377 Ep.
1403 2327 1435 2364 Ι.
1459 2338 1482 2378 3
1505 2339 1545 2364 n.

1098 2395 1133 2435 3.
1167 2383 1432 2422 incredibili
1469 2382 1615 2421 exitu:
1654 2396 1706 2420 sc.
1741 2382 1868 2433 fuit,-

1041 2439 1095 2478 cf.
1134 2440 1238 2477 Intr.
1278 2438 1500 2491 95.—sic
1541 2438 1620 2476 has
1660 2437 1761 2476 here
1796 2437 1870 2476 the

1039 2495 1158 2534 force
1209 2495 1256 2533 of
1304 2507 1329 2533 a
1378 2493 1596 2545 predicate
1655 2492 1870 2544 adjective

1040 2551 1153 2590 after
1190 2552 1289 2603 fuit
1331 2556 1376 2588 to
1417 2549 1471 2588 be
1511 2548 1728 2599 supplied:
1769 2548 1869 2587 ‘the

1041 2607 1137 2645 trial
1169 2619 1254 2645 was
1286 2605 1333 2644 of
1367 2605 1474 2644 such
1506 2618 1531 2643 a
1560 2604 1739 2642 nature.’
1800 2603 1868 2642 Cf.

1043 2663 1181 2701 Plaut.
1231 2662 1350 2700 Trin.
1402 2660 1467 2709 46,
1519 2660 1676 2698 Catull.
1725 2671 1761 2711 3.
1807 2671 1868 2711 13,

1043 2719 1151 2756 Hor.
1177 2719 1266 2756 Sat.
1292 2729 1326 2754 2.
1357 2728 1391 2754 2.
1423 2727 1512 2761 120,
1538 2715 1764 2754 Petronius
1792 2715 1868 2764 463

1039 2773 1124 2812 and
1155 2786 1227 2812 see
1262 2773 1366 2810 Intr.
1397 2771 1763 2823 85.—reiectio:
1795 2771 1869 2809 the

1039 2828 1316 2881 prosecution
1340 2827 1424 2865 and
1455 2827 1529 2865 the
1561 2826 1738 2866 defense
1769 2825 1867 2873 had,

1040 2898 1087 2924 as
1108 2885 1209 2923 with
1240 2897 1302 2929 us,
1335 2883 1408 2921 the
1439 2882 1645 2933 privilege
1676 2882 1723 2921 of
1754 2887 1870 2934 ‘per-

1039 2940 1269 2992 emptorily
1308 2938 1606 2989 challenging’
1643 2951 1669 2976 a
1708 2939 1868 2977 certain

1039 2996 1221 3034 number
1261 2994 1308 3033 of
1348 2995 1515 3040 iudices,
1548 2993 1693 3033 whose
1724 2995 1868 3045 places

1039 3064 1147 3090 were
1170 3051 1272 3090 then
1294 3049 1411 3089 filled
1438 3049 1495 3103 by
1515 3062 1607 3089 new
1629 3062 1739 3089 men.
1800 3050 1866 3088 Cf.
