2067 3332
100 124 189 165 Att.
210 123 249 164 8.
272 122 330 177 3.]
675 123 953 163 CICERo’s
997 123 1286 163 LETTERS.
1768 122 1848 166 157

688 356 868 408 XLV.
930 356 1067 426 (Aa.
1102 358 1149 408 8.
1185 357 1258 425 3.)

638 503 869 542 CICERO
910 502 1144 542 ATTICO
1187 503 1313 543 SAL.

179 616 438 668 Maximis
468 624 523 667 et
553 615 880 666 miserrimis
912 616 1078 666 rebus
1108 616 1483 682 perturbatUS,
1512 633 1636 667 cum
1662 633 1845 671 coram

99 715 284 759 tecum
328 706 465 757 mihi
507 713 758 773 potestas
792 705 1138 756 deliberandi
1180 723 1292 757 non
1335 713 1501 767 esset,
1534 706 1616 756 uti
1657 714 1847 757 tamen

99 806 196 849 tuo
227 797 460 849 consilio
488 797 655 849 volui.
739 796 1086 848 Deliberatio
1130 804 1316 848 autem
1357 796 1538 847 omnis
1568 797 1703 848 haec
1734 804 1846 848 est:

101 889 148 940 si
205 888 500 956 Pompeius
557 887 720 939 Italia
774 888 950 948 cedat,
1002 888 1149 955 quod
1205 904 1331 938 eum
1386 887 1665 939 facturum
1722 905 1847 939 esse

100 979 367 1047 suspicor,
413 979 544 1047 quid
587 979 722 1029 mihi
765 979 1044 1046 agendum
1093 986 1298 1045 putes;
1354 986 1408 1029 et
1463 996 1572 1046 quo
1627 979 1847 1030 facilius

100 1071 394 1123 consilium
438 1071 568 1121 dare
610 1070 809 1137 possiS‚
845 1069 977 1137 quid
1017 1069 1075 1120 in
1117 1077 1411 1137 utramque
1453 1077 1667 1137 partem
1712 1070 1847 1120 mihi

1265 1160 1406 1212 Cum
1450 1161 1651 1212 merita
1694 1161 1847 1211 Pom-

100 1252 189 1320 pei
232 1270 451 1303 summa
492 1269 625 1319 erga
679 1252 917 1303 salutem
973 1269 1152 1303 meam
1203 1252 1664 1319 familiaritasque
1706 1269 1847 1319 quae

101 1162 157 1212 in
186 1170 431 1212 mentem
460 1161 648 1212 veniat
679 1161 965 1228 explicabo
1008 1161 1178 1213 brevi.

100 1344 236 1394 mihi
266 1358 391 1395 cum
421 1360 487 1394 eo
517 1351 619 1405 est,
652 1351 771 1394 tum
803 1343 923 1410 ipsa
951 1343 1030 1394 rei
1059 1342 1315 1410 publicae
1344 1360 1512 1394 causa
1552 1360 1640 1394 me
1682 1344 1847 1394 addu-

101 1435 192 1496 cit,
226 1442 286 1486 ut
317 1434 453 1485 mihi
481 1434 568 1485 vel
599 1434 893 1486 consilium
925 1451 1110 1485 meum
1140 1451 1266 1486 cum
1307 1434 1454 1485 illius
1497 1434 1729 1486 consilio
1758 1434 1846 1485 vel

98 1526 325 1577 fortuna
353 1543 477 1576 mea
505 1543 631 1577 cum
661 1525 808 1577 illius
849 1525 1076 1576 fortuna
1118 1525 1510 1592 coniungenda
1551 1542 1675 1576 esse
1703 1525 1847 1576 vide-

343 1616 583 1669 Accedit
631 1616 790 1668 illud:
847 1616 894 1668 si
943 1633 1141 1668 maneo
1196 1624 1250 1667 et
1308 1616 1461 1667 illum
1518 1616 1843 1668 comitatum

99 1709 432 1776 optimorum
471 1715 526 1759 et
569 1707 1001 1759 clarissimorum
1046 1708 1247 1759 civium
1290 1708 1501 1769 desem,
1536 1708 1844 1759 cadendum

99 1625 237 1669 atur.

99 1807 185 1851 est
214 1800 271 1850 in
301 1799 467 1851 unius
497 1806 852 1866 potestatem,
886 1799 981 1866 qui
1011 1799 1118 1850 etsi
1146 1798 1337 1849 multis
1368 1799 1533 1849 rebus
1566 1798 1844 1865 significat

99 1908 159 1942 se
188 1891 350 1942 nobis
382 1907 507 1942 esse
537 1890 776 1941 amicum
796 1923 871 1928 ——
891 1898 946 1941 et
976 1898 1037 1941 ut
1068 1897 1219 1941 esset
1248 1907 1279 1940 a
1308 1906 1396 1940 me
1426 1897 1527 1950 est,
1562 1897 1685 1940 tute
1716 1890 1840 1950 sciS,

98 1990 324 2049 propter
379 1981 755 2049 suspicionem
811 1980 976 2033 huius
1044 1980 1422 2048 impendentis
1491 1981 1844 2046 tempestatis

98 2076 274 2126 multo
320 2083 451 2127 ante
493 2075 1096 2142 provisum,——tamen
1140 2083 1439 2141 utrumque
1495 2074 1844 2125 consideran-

98 2167 228 2217 dum
260 2174 360 2227 est,
394 2174 448 2218 et
479 2175 689 2234 quanta
730 2167 868 2217 fides
911 2166 961 2217 ei
1005 2166 1077 2216 sit
1120 2165 1376 2216 habenda
1417 2172 1487 2225 et,
1522 2165 1567 2215 si
1609 2164 1844 2216 maxime

98 2257 443 2324 exploratum
475 2257 545 2308 sit
578 2274 703 2308 eum
734 2257 894 2308 nobis
924 2256 1163 2308 amicum
1193 2256 1329 2316 fore,
1364 2256 1511 2306 sitne
1539 2255 1640 2305 viri
1682 2255 1843 2306 fortis

155 2390 291 2428 XLV.
335 2389 477 2436 Cales,
516 2389 618 2428 Feb.
656 2388 715 2435 18,
753 2401 805 2440 49
842 2399 924 2428 B.C.

99 2445 251 2483 Cicero
273 2445 359 2484 had
381 2445 575 2484 received
604 2458 628 2483 a
657 2446 786 2484 letter
814 2445 926 2483 from

1073 2400 1107 2426 2.
1142 2400 1256 2439 erga
1280 2388 1488 2427 salutem
1511 2399 1696 2426 meam:
1726 2401 1778 2426 sc.
1800 2387 1843 2426 in

1013 2444 1188 2496 helping
1203 2451 1247 2482 to
1262 2457 1411 2483 secure
1427 2443 1493 2482 his
1507 2444 1633 2482 recall
1648 2443 1762 2482 from
1780 2457 1845 2482 ex-

101 2501 291 2554 Pompey
329 2501 431 2552 (Att.
461 2501 498 2540 8.
546 2513 587 2539 11
625 2501 671 2551 A)
717 2501 927 2552 directing

97 2556 184 2594 him
209 2565 253 2595 to
275 2557 460 2608 proceed
483 2564 527 2595 to
552 2557 732 2596 Luceria
753 2564 796 2596 at
819 2570 924 2596 once

97 2612 182 2650 and
232 2612 323 2664 join
365 2613 436 2651 the
478 2613 603 2651 other
655 2613 924 2664 Pompeians.

101 2668 171 2707 He
212 2668 485 2720 accordingly
514 2669 591 2707 left
635 2669 832 2708 Formiae
869 2681 925 2707 on

102 2723 201 2762 Feb.
239 2736 282 2773 17
321 2724 392 2774 (cf.
425 2726 508 2762 Att.
542 2724 579 2763 8.
617 2736 658 2762 11
699 2735 740 2762 D.
778 2725 814 2775 1)
840 2724 926 2763 and

99 2779 320 2818 advanced
361 2787 405 2818 to
453 2781 594 2825 Cales,
634 2780 746 2818 from
788 2780 924 2819 which

98 2835 219 2885 place
237 2835 321 2874 this
339 2836 465 2874 letter
479 2848 564 2874 was
580 2836 759 2880 written,
779 2849 926 2887 appar-

99 2891 216 2943 ently
254 2891 296 2929 in
338 2891 411 2929 the
451 2891 572 2942 night
618 2891 666 2929 of
717 2891 817 2930 Feb.
864 2891 925 2930 18.

102 2946 287 2997 Finding
317 2947 382 2985 his
414 2960 505 2998 way
531 2946 715 2985 blocked
746 2946 801 3000 by
824 2947 927 2986 Cae-

99 3002 204 3041 sar’s
226 3008 387 3053 troops.
406 3002 460 3041 he
482 3002 636 3041 turned
657 3003 768 3041 back
795 3003 864 3053 (cf.
881 3003 923 3054 7)

99 3056 185 3095 and
202 3070 288 3096 was
309 3058 350 3096 in
377 3058 572 3097 Formiae
590 3059 715 3109 again
741 3058 841 3097 Feb.
862 3070 924 3096 21.

1013 2501 1080 2539 ile.
1095 2500 1332 2540 —unius:
1354 2501 1415 2539 i.e.
1443 2501 1649 2538 Caesaris.
1667 2523 1721 2527 —
1735 2512 1844 2550 pro-

1013 2557 1198 2597 visum:
1220 2557 1263 2594 in
1290 2556 1339 2608 56
1362 2566 1443 2594 ΒΕ.
1468 2555 1621 2594 Cicero
1644 2555 1729 2593 had
1759 2556 1844 2606 pla-

1014 2612 1139 2651 cated
1171 2612 1334 2651 Caesar
1365 2611 1422 2664 by
1453 2610 1748 2661 withdrawing
1778 2611 1843 2650 his

1014 2669 1264 2719 opposition
1297 2675 1342 2706 to
1375 2667 1535 2706 certain
1566 2666 1614 2705 of
1646 2667 1842 2705 Caesar’s

1013 2724 1208 2775 agrarian
1240 2725 1343 2762 laws
1375 2723 1442 2773 (Q.
1462 2724 1530 2774 fr.
1566 2735 1601 2761 2.
1631 2722 1656 2761 6
1681 2721 1761 2774 [8].
1786 2723 1841 2773 2),

1012 2779 1067 2832 by
1089 2780 1299 2831 speaking
1319 2780 1361 2817 in
1384 2779 1509 2817 favor
1530 2778 1577 2816 of
1607 2791 1631 2816 a
1651 2785 1775 2829 grant
1797 2779 1844 2816 of

1014 2849 1169 2888 money
1187 2843 1231 2874 to
1251 2835 1448 2874 Caesar’s
1467 2841 1617 2885 troops
1635 2834 1699 2884 (de
1715 2835 1840 2871 Prav.

1018 2893 1138 2930 Cous.
1179 2891 1263 2941 28),
1299 2891 1355 2943 by
1394 2890 1604 2940 extolling
1644 2890 1842 2928 Caesar’s

1014 2960 1185 2986 success
1213 2947 1255 2985 in
1289 2946 1414 2991 Gaul,
1438 2945 1521 2984 and
1553 2945 1608 2997 by
1630 2945 1844 2996 opposing

1015 3003 1088 3041 the
1106 3002 1367 3041 withdrawal
1390 3001 1437 3039 of
1457 3014 1482 3040 a
1503 3001 1708 3051 province
1728 3001 1842 3040 from

1014 3058 1101 3096 him
1139 3058 1251 3109 (ibid.
1289 3058 1455 3109 17—35)‚
1484 3055 1570 3094 and
1599 3056 1642 3094 in
1677 3067 1726 3109 54
1760 3067 1840 3095 13.c.
