2067 3332
209 150 288 190 202
771 153 1048 193 CICERO’S
1092 154 1381 193 LETTERS.
1687 154 1786 206 [Ep.
1810 156 1947 195 LXV.

209 292 319 358 tur>
345 309 507 358 quam
538 293 605 343 ab
635 292 702 343 iis
733 292 827 360 qui
856 294 996 344 duce
1026 293 1289 359 Pompeio
1318 293 1449 344 freti
1477 301 1944 360 peropportunam

209 387 263 430 et
314 382 479 432 rebus
530 382 852 434 domesticis
903 390 958 433 et
1008 383 1407 449 cupiditatibus
1459 383 1572 434 suis
1622 383 1768 434 illius
1817 384 1948 434 belli

206 470 496 521 victoriam
541 471 660 522 fore
705 473 993 538 putabant.
1087 472 1423 539 Susceptum
1469 472 1676 523 bellum
1720 480 1804 523 est
1835 473 1948 540 qui-

209 569 435 611 escente
476 578 579 623 me,
626 562 917 628 depulsum
961 579 1027 613 ex
1083 563 1244 613 Italia
1300 570 1563 613 manente
1617 579 1720 624 me,
1767 565 1946 630 quoad

207 650 378 716 potui,
405 651 502 701 sed
524 651 694 702 valuit
725 652 870 718 apud
900 669 988 702 me
1017 652 1141 719 plus
1171 652 1348 718 pudor
1376 668 1531 703 meus
1561 669 1725 719 quam
1754 653 1942 716 timor;

206 739 416 791 veritus
459 758 581 792 sum
625 742 823 792 deesse
867 741 1094 808 Pompei
1136 741 1316 803 saluti,
1350 759 1475 792 cum
1518 741 1610 792 ille
1651 742 1944 809 aliquando

207 847 318 880 non
349 831 620 882 defuisset
651 848 824 884 meae.
910 832 1106 898 Itaque
1135 832 1222 882 vel
1253 831 1433 883 officio
1462 831 1549 882 vel
1591 831 1739 882 fama
1779 833 1945 883 bono-

207 937 327 970 rum
369 921 456 971 vel
499 922 708 987 pudore
748 922 947 983 victus,
993 929 1053 973 ut
1097 922 1153 972 in
1195 921 1398 972 fabulis
1441 921 1833 988 AmphiaraUS‚
1866 923 1944 974 sic

208 1026 309 1077 ego
343 1020 354 1041 ‘
373 1012 617 1077 prudens
647 1019 703 1062 et
733 1012 916 1063 sciens
947 1013 1014 1062 ad
1044 1019 1262 1078 pestem
1292 1019 1422 1062 ante
1451 1011 1640 1062 oculos
1670 1011 1940 1078 positam'

207 1117 328 1150 sum
359 1101 684 1166 profectus3
727 1119 835 1168 quo
866 1102 921 1151 in
964 1102 1110 1153 bello
1153 1101 1291 1151 nihil
1332 1101 1549 1152 adversi
1590 1101 1789 1153 accidit
1831 1119 1941 1153 non

205 1191 560 1256 praedicente
589 1208 693 1243 me.
781 1192 967 1258 Quare
996 1192 1273 1259 quoniam,
1308 1199 1367 1242 ut
1411 1208 1648 1258 augures
1684 1199 1739 1242 et
1773 1199 1942 1242 astro-

205 1279 316 1346 logi
346 1280 544 1342 solent,
579 1298 682 1348 ego
714 1299 933 1348 quoque
963 1299 1139 1349 augur
1167 1281 1421 1348 publicus
1454 1298 1519 1332 ex
1556 1280 1694 1332 meis
1738 1282 1941 1348 superi-

206 1370 392 1421 oribus
422 1372 717 1437 praedictis
749 1372 1018 1423 constitui
1046 1373 1191 1438 apud
1220 1380 1277 1422 te
1315 1372 1706 1423 auctoritatem
1745 1372 1940 1438 auguri

206 1468 259 1511 et
289 1461 644 1512 divinationis
675 1479 846 1523 meae,
880 1462 1104 1513 debebit
1144 1462 1348 1513 habere
1378 1462 1542 1512 fidem
1573 1469 1763 1512 nostra
1792 1479 1940 1528 prae-

204 1551 390 1602 dictio.
475 1552 604 1602 Non
634 1552 803 1619 igitur
832 1569 898 1602 ex
925 1552 1071 1603 alitis
1102 1552 1347 1602 involatu
1387 1569 1489 1603 nec
1533 1569 1562 1602 e
1604 1560 1769 1603 cantu
1814 1552 1939 1602 sini-

205 1649 319 1692 stro
349 1642 571 1703 oscinis,
604 1650 663 1692 ut
693 1642 750 1692 in
779 1650 969 1693 nostra
997 1642 1288 1708 disciplina
1318 1649 1420 1703 est,
1452 1659 1555 1693 nec
1585 1659 1651 1692 ex
1680 1642 1937 1708 tripudiis

259 1786 295 1826 6.
319 1790 476 1835 rebus,
504 1793 602 1826 etc.:
635 1787 741 1826 both
765 1787 917 1827 Cicero
939 1787 1024 1826 and

205 1842 366 1881 Caesar
397 1842 589 1882 believed
620 1844 714 1881 that
744 1856 871 1895 many
904 1845 1025 1881 Pom-

202 1898 350 1948 peians
373 1898 504 1949 urged
535 1911 591 1936 on
623 1899 696 1937 the
719 1899 830 1937 Civil
855 1899 961 1937 VVar
980 1899 1024 1937 in

203 1953 275 1992 the
305 1954 418 2004 hope
450 1954 496 1992 of
529 1954 733 2004 relieving
763 1954 1023 1993 themselves

201 2008 313 2047 from
332 2009 442 2047 their
458 2010 595 2061 heavy
609 2009 925 2048 indebtedness.
953 2009 1021 2048 Cf.

203 2065 289 2102 Att.
318 2076 377 2102 11.
407 2064 443 2103 6.
477 2076 528 2113 2;
561 2066 682 2102 Fam.
713 2076 750 2113 7.
784 2077 819 2116 3.
855 2077 905 2111 2;
937 2064 1023 2102 and

204 2119 327 2158 Caes.
351 2121 401 2157 B.
430 2122 474 2159 C.
501 2132 534 2171 3.
558 2132 607 2171 32
639 2126 732 2158 erat
751 2122 881 2172 plena
913 2121 1022 2158 licto-

202 2189 299 2212 rum
322 2182 361 2213 et
388 2177 660 2225 imperiormn
686 2177 923 2224 provincia,
945 2176 1023 2226 dif-

188 2231 307 2281 ferta
336 2231 560 2282 praefectis
598 2237 720 2281 atque
751 2231 1020 2276 exactoribus,

202 2287 278 2336 qui
289 2292 460 2335 praeter
480 2288 707 2335 imperatas
726 2288 930 2336 pecunias
949 2299 1023 2323 suo

200 2342 323 2379 etiam
334 2343 504 2390 privato
519 2342 755 2390 compendio
769 2342 1021 2387 serviebant;

201 2397 451 2435 dictitabant
468 2398 579 2434 enim
603 2410 643 2434 se
663 2398 782 2434 domo
793 2399 1023 2447 patriaque

200 2453 393 2500 expulsos
423 2453 611 2490 omnibus
642 2454 883 2490 necessariis
911 2465 1024 2502 egere

202 2508 330 2552 rebus,
345 2513 394 2545 ut
408 2508 577 2546 lzonesta
585 2509 916 2557 praescriptione
934 2521 1021 2545 rem

201 2564 492 2611 turpissimam
557 2568 747 2613 tegerent.
783 2587 838 2590 —
872 2563 1023 2613 pudor

203 2630 339 2657 meus
362 2633 370 2656 ε
403 2617 455 2655 cf.
478 2619 598 2656 Fam.
621 2629 657 2667 7.
683 2630 717 2670 3.
745 2630 759 2655 Ι
786 2619 949 2668 pudori
967 2623 1023 2655 ta-

201 2686 295 2710 men
318 2674 456 2711 malui
470 2674 701 2724 famaeque
728 2675 864 2712 cedere
894 2686 1020 2724 quam

200 2730 350 2766 salutis
370 2742 482 2766 meae
503 2731 707 2767 rationem
731 2730 878 2766 ducere
891 2741 909 2774 ,·
937 2729 1021 2766 Att.

201 2795 238 2833 9.
275 2795 334 2833 19.
370 2795 389 2820 2
416 2790 647 2833 pergamus
677 2785 821 2834 rgitur,
849 2813 855 2821 .
879 2813 886 2820 .
911 2813 918 2820 .
953 2796 1024 2821 nec

201 2839 433 2877 mehercule
471 2840 543 2876 lloc
574 2840 697 2890 facio
737 2840 801 2877 rei
829 2839 1025 2889 publicae

200 2907 337 2940 causa,
357 2908 482 2944 quam
495 2895 703 2944 funditus
720 2895 891 2932 deletam
908 2899 1022 2943 puto,

200 2950 272 2986 secl
296 2963 346 2986 ue
370 2950 463 2999 quis
494 2963 558 2987 me
579 2955 700 2998 j’utet
727 2952 944 2999 ingratum
979 2950 1024 2985 in

201 3017 291 3041 eum
330 3006 405 3054 qui
438 3017 502 3042 me
535 3005 690 3042 levavit
723 3005 776 3041 iis
807 3006 1025 3041 incommo-

202 3060 266 3096 dis
305 3061 455 3109 quibus
504 3060 609 3097 idem
654 3060 855 3109 cffmerat.
872 3082 924 3086 —
939 3058 1024 3096 ali-

1115 1788 1304 1839 quando
1326 1802 1334 1825 :
1377 1788 1579 1840 Pompey,
1620 1787 1717 1826 who
1757 1786 1844 1826 had
1882 1787 1937 1826 al-

1113 1843 1251 1882 lowed
1280 1843 1432 1882 Cicero
1454 1849 1500 1882 to
1521 1843 1575 1881 be
1596 1842 1734 1882 exiled
1755 1843 1936 1881 without

1113 1905 1290 1949 protest,
1313 1898 1486 1937 exerted
1517 1898 1692 1937 himself
1720 1904 1763 1936 at
1785 1899 1867 1937 last
1889 1904 1934 1936 to

1113 1966 1260 1992 secure
1282 1954 1348 1992 his
1370 1954 1509 1992 recall.
1525 1977 1577 1982 -
1599 1960 1651 1993 ut
1683 1954 1730 1991 in
1762 1953 1934 1992 fabulis

1114 2009 1438 2060 Amphiaraus
1461 2024 1469 2047 :
1521 2009 1822 2059 Amphiaraus,
1864 2008 1936 2046 the

1114 2077 1217 2109 seer,
1248 2064 1431 2102 foresaw
1462 2064 1555 2102 that
1596 2065 1649 2102 he
1688 2062 1846 2102 should
1882 2063 1934 2102 be

1112 2118 1262 2158 ruined
1277 2119 1319 2157 in
1338 2119 1411 2157 the
1425 2120 1615 2169 struggle
1632 2119 1679 2157 of
1700 2119 1773 2157 the
1793 2119 1933 2157 Seven

1112 2175 1279 2224 against
1301 2174 1473 2213 Thebes
1498 2174 1567 2224 (cf.
1586 2173 1794 2219 Ribbeck,
1814 2175 1932 2212 Rom.

1121 2232 1245 2281 Trag.
1267 2229 1380 2281 487).
1442 2230 1595 2268 Cicero
1618 2228 1835 2280 ¹probably
1856 2229 1934 2267 has

1111 2286 1154 2324 in
1176 2285 1292 2323 mind
1315 2297 1435 2324 some
1452 2284 1641 2337 tragedy,
1659 2284 1843 2334 perhaps
1861 2283 1933 2322 the

1115 2341 1316 2393 Eriphyle
1346 2340 1393 2378 of
1426 2341 1583 2379 Accius
1614 2340 1684 2392 (cf.
1707 2340 1803 2377 ibid.
1826 2338 1935 2388 487-

1113 2397 1225 2446 497),
1264 2395 1459 2434 founded
1501 2407 1615 2446 upon
1660 2395 1725 2433 his
1763 2394 1865 2432 fate.
1881 2417 1935 2422 —

1113 2452 1322 2502 prudens
1364 2457 1410 2489 et
1452 2451 1610 2490 sciens
1631 2464 1639 2487 :
1680 2449 1732 2488 cf.
1770 2450 1847 2500 Ep.
1886 2450 1932 2487 L.

1116 2517 1135 2558 5
1163 2520 1201 2544 n.
1268 2507 1361 2544 The
1400 2506 1556 2556 phrase
1596 2505 1804 2556 prudens
1837 2533 1847 2542 .
1881 2532 1891 2542 .
1924 2533 1932 2541 .

1112 2562 1320 2612 positam
1361 2561 1569 2613 probably
1596 2561 1732 2599 forms
1762 2565 1857 2610 part
1888 2558 1935 2597 of

1112 2625 1196 2655 two
1237 2616 1390 2655 iambic
1433 2629 1574 2655 verses
1615 2615 1777 2667 quoted
1819 2614 1933 2652 from

1112 2684 1231 2710 some
1273 2672 1405 2722 tragic
1445 2678 1559 2722 poet.
1621 2670 1688 2709 Cf.
1724 2668 1930 2716 Ribbeck,

1120 2728 1243 2778 Trag.
1276 2729 1395 2765 Rom.
1419 2728 1545 2777 Frag.
1567 2740 1606 2776 p.
1633 2725 1722 2777 256.

1167 2793 1203 2831 7.
1245 2794 1339 2820 non
1363 2811 1372 2820 .
1398 2782 1675 2820 ..involatu
1711 2791 1799 2819 nee
1833 2809 1842 2818 .
1878 2808 1887 2817 .
1921 2808 1931 2818 .

1112 2838 1289 2876 oscinis
1314 2852 1321 2874 ε
1353 2837 1469 2875 birds
1497 2850 1605 2875 were
1638 2835 1810 2874 divided
1840 2835 1932 2872 into

1113 2900 1196 2930 two
1210 2894 1381 2937 classes,
1396 2894 1516 2930 alites
1531 2892 1596 2943 (or
1601 2889 1832 2941 praepetes)
1849 2889 1932 2928 and

1112 2950 1268 2986 oscines
1283 2961 1299 2993 ,·
1332 2948 1403 2986 the
1424 2948 1553 2985 latter
1574 2959 1680 2997 gave
1703 2958 1853 2984 omens
1878 2944 1933 2996 by

1112 3003 1293 3053 singing,
1317 3003 1388 3041 the
1410 3002 1571 3040 former
1596 3001 1650 3053 by
1672 3000 1781 3039 their
1811 2999 1932 3050 flight

1112 3057 1197 3096 and
1219 3058 1291 3096 the
1313 3058 1479 3096 motion
1500 3056 1547 3095 of
1577 3056 1687 3095 their
1707 3055 1857 3106 wings;
1879 3053 1931 3093 cf.
