2067 3332
224 158 303 197 234
798 159 1075 198 CICERO’S
1118 158 1407 197 LETTERS.
1582 158 1681 210 [Ep.
1706 159 1964 198 LXXVIII.

224 307 444 365 tempus
474 316 505 349 a
537 299 591 350 P.
627 299 816 365 Magio
863 298 1059 350 Cilone
1087 297 1361 349 familiare
1404 297 1523 349 eius
1566 298 1808 365 pugione
1849 315 1966 365 per-

224 406 447 440 cussum
479 405 602 440 esse
632 396 687 439 et
717 389 825 439 duo
854 388 1086 440 vulnera
1119 389 1417 456 accepisse,
1451 406 1623 439 unum
1665 388 1721 440 in
1766 396 1964 440 stoma-

223 480 341 540 ch0,
369 478 604 530 alterum
636 478 692 529 in
723 478 904 546 capite
934 479 1239 530 secundum
1270 495 1486 542 aurem;
1526 495 1748 546 sperare
1778 486 1964 530 tamen

223 587 347 620 eum
370 569 555 620 vivere
578 586 768 636 posse;
800 569 1049 636 Magium
1075 586 1133 620 se
1157 569 1338 636 ipsum
1362 569 1714 621 interfecisse
1743 577 1964 636 postea;

222 677 280 711 se
309 678 340 711 a
370 660 636 711 Marcello
666 661 734 710 ad
763 677 852 710 me
882 660 1113 711 missum
1143 677 1267 711 esse
1297 659 1392 727 qui
1427 660 1564 711 haec
1593 659 1877 710 nuntiaret
1908 668 1964 711 et

221 758 438 817 rogaret
470 751 552 801 uti
581 751 827 802 medicos
858 751 908 801 ei
938 751 1232 802 mitterem.
1303 751 1500 818 Itaque
1530 750 1775 802 medicos
1806 750 1964 818 coegi

220 849 274 892 et
306 858 335 892 e
363 841 598 908 vestigio
629 858 694 891 eo
731 859 853 892 sum
895 841 1182 908 profectus
1224 841 1400 908 prima
1441 840 1578 893 luce.
1666 840 1806 892 Cum
1842 852 1963 892 ‘non

218 931 384 998 longe
413 949 444 982 a
474 931 664 982 Piraeo
694 932 963 992 abessem,
990 949 1127 998 puer
1150 931 1376 982 Acidini
1404 931 1622 982 obviam
1652 931 1787 981 mihi
1809 931 1964 982 venit

219 1040 343 1073 cum
375 1021 638 1073 codicillis
669 1022 725 1071 in
749 1022 951 1088 quibus
977 1029 1093 1072 erat
1124 1021 1408 1088 scriptum,
1430 1021 1593 1088 paulo
1622 1029 1752 1072 ante
1780 1021 1960 1073 lucem

220 1112 547 1163 Marcellum
590 1112 736 1162 diem
781 1129 941 1162 suum
986 1112 1186 1163 obisse.
1275 1112 1360 1162 Ita
1388 1111 1470 1161 vir
1512 1111 1851 1163 clarissimus
1893 1113 1962 1164 ab

218 1203 442 1253 homine
485 1202 784 1253 deterrimo
827 1202 1185 1253 acerbissima
1227 1210 1405 1252 morte
1449 1209 1534 1252 est
1577 1202 1847 1264 adfectUS,
1886 1210 1958 1264 et,

219 1293 306 1344 cui
355 1292 564 1343 inimici
618 1300 845 1359 propter
887 1292 1218 1359 dignitatem
1275 1300 1655 1359 pepercerant,
1700 1292 1960 1343 inventus

218 1391 301 1434 est
349 1383 559 1435 amicus
615 1383 707 1450 qui
755 1383 805 1433 ei
853 1391 1089 1433 mortem
1139 1383 1386 1435 offerret.
1482 1383 1603 1449 Ego
1652 1390 1841 1433 tamen
1889 1383 1958 1434 ad

217 1473 633 1525 tabernaculum
688 1473 807 1524 eius
855 1473 1087 1540 perrexi.
1194 1472 1391 1523 Inveni
1439 1473 1576 1538 diuos
1626 1472 1854 1524 libertos
1903 1480 1959 1524 et

218 1564 480 1631 pauculos
512 1581 733 1627 servos;
776 1564 1016 1631 reliquos
1052 1564 1272 1614 aiebant
1314 1562 1630 1630 profugisse
1660 1570 1812 1614 metu
1841 1580 1960 1630 per-

217 1655 442 1706 territos
481 1655 627 1722 quod
666 1654 922 1705 dominus
959 1671 1150 1705 eorum
1185 1661 1315 1704 ante
1343 1652 1764 1704 tabernaculum
1795 1652 1958 1704 inter-

274 1813 310 1840 2.
354 1802 406 1840 P.
444 1801 611 1852 Magio
651 1801 842 1840 Cilone:
879 1801 1038 1839 certain

215 1870 397 1907 persons
432 1862 476 1895 at
510 1857 650 1895 Rome
682 1855 913 1907 suspected
946 1856 1040 1894 that

218 1913 379 1951 Caesar
398 1911 486 1951 had
506 1911 739 1962 instigated
770 1912 843 1951 the
869 1910 1041 1950 murder

216 1967 263 2006 of
285 1968 512 2006 Marcellus
533 1982 542 2015 ;
563 1967 640 2006 but
661 1967 715 2006 cf.
732 1968 820 2006 Att.
843 1979 903 2019 13.
931 1978 992 2005 10.
1016 1978 1039 2018 3

215 2024 335 2062 bodie
365 2024 632 2073 Spintherem
665 2029 849 2073 exspecto
863 2036 882 2069 ,·
924 2024 1045 2060 misit

215 2081 327 2117 enim
356 2080 523 2117 Brutus
552 2080 613 2117 ad
642 2092 706 2117 me
719 2091 737 2125 ,·
769 2085 852 2128 per
882 2079 1041 2116 litteras

216 2140 371 2186 purgat
393 2136 611 2173 Caesarem
643 2135 692 2172 de
721 2135 896 2172 interitu
922 2134 1040 2171 Mar-

217 2191 320 2235 celli,
339 2191 385 2228 in
403 2203 536 2240 quem,
555 2203 606 2227 ne
625 2190 665 2227 si
679 2190 847 2227 insidiis
872 2190 1037 2240 quidem

216 2246 286 2283 ille
317 2246 560 2297 interfectus
598 2250 708 2290 esset,
745 2246 909 2283 caderet
945 2245 1038 2283 ulla

218 2302 408 2351 suspicio,
430 2314 545 2338 nunc
572 2314 679 2346 vero,
702 2314 795 2338 cum
819 2301 868 2338 de
895 2300 1038 2349 Mzgio

217 2362 376 2402 constet,
413 2369 552 2394 nonne
577 2357 715 2407 furor
745 2358 834 2393 eius
869 2369 1037 2393 causam

216 2425 377 2451 omnem
418 2412 626 2450 sustinet?
648 2442 656 2450 .
690 2441 698 2449 .
733 2442 740 2450 .
767 2411 1036 2462 Quamquam

218 2468 331 2505 m‘lzil
347 2468 471 2506 liabeo
491 2468 604 2517 quod
625 2469 819 2512 dubitem,
844 2468 930 2505 nisi
957 2467 1042 2516 zspsi

217 2523 361 2573 Magio
381 2536 487 2574 quae
502 2523 647 2573 fuerit
663 2536 789 2561 causa
819 2524 1037 2568 anientiae,

210 2584 293 2627 pro
313 2592 393 2629 quo
412 2578 576 2630 quidem
600 2580 723 2616 etiam
758 2584 930 2628 sponsor
945 2578 1039 2630 fac-

216 2639 284 2671 tus
315 2640 415 2671 erat.
476 2635 703 2673 lVimirum
737 2635 786 2672 id
798 2634 897 2685 fuit
906 2646 925 2680 ,·
964 2633 1039 2671 sol-

215 2690 347 2726 vendo
377 2691 487 2727 enim
523 2702 606 2726 non
641 2695 756 2729 erat:
796 2690 916 2728 credo
943 2701 1036 2727 eum

210 2746 377 2792 petiisse
391 2759 416 2782 a
432 2745 637 2782 Affareello
652 2745 830 2795 aliquid,
846 2750 884 2783 et
899 2745 1038 2789 illum,

217 2805 265 2837 ut
285 2805 386 2844 erat,
415 2801 670 2838 constantius
702 2800 970 2850 respondisse.
986 2822 1039 2825 ——

217 2855 481 2894 secundum
500 2866 680 2901 aurem,
700 2856 873 2904 directly
890 2854 1044 2892 behind

216 2911 282 2947 tlte
311 2924 394 2948 ear.
456 2910 563 2948 This
595 2910 796 2959 meaning
827 2910 873 2947 of
902 2923 1040 2947 secun-

215 2966 314 3002 dum
334 2965 368 3003 is
389 2965 598 3010 Plautine,
617 2964 701 3002 and
719 2965 752 3003 is
769 2964 906 3002 found
923 2965 964 3002 in
982 2976 1038 3001 no

216 3020 339 3058 other
353 3020 492 3059 writer
508 3019 556 3058 of
576 3020 649 3058 the
666 3020 857 3058 Classical
875 3019 1038 3069 period.

214 3097 268 3102 —
284 3075 468 3125 ipsum:
502 3081 548 3114 to
569 3074 622 3114 be
643 3074 790 3125 joined
809 3075 907 3112 with
933 3075 1040 3112 Ma-

1134 1800 1280 1851 gium.
1302 1811 1400 1838 —e
1446 1799 1669 1851 vestigio,
1709 1800 1955 1853 sortlzwitlz.

1132 1868 1280 1894 —eoz
1322 1856 1384 1894 ie.
1418 1861 1464 1893 to
1498 1855 1571 1893 the
1607 1855 1957 1894 Piraeus.·—co-

1133 1911 1328 1950 dicillis:
1380 1923 1452 1950 see
1508 1911 1615 1950 Intr.
1669 1921 1732 1963 59.
1753 1934 1809 1939 —
1828 1911 1955 1949 diem

1133 1978 1275 2006 suum
1317 1966 1507 2005 obisse:
1549 1965 1859 2017 euphemistic;
1901 1966 1954 2005 cf.

1134 2022 1211 2072 Ep.
1238 2022 1420 2060 LXXV.
1440 2033 1478 2070 4.
1492 2046 1548 2050 -
1564 2022 1770 2060 inimici:
1794 2021 1956 2061 Caesar

1132 2077 1166 2116 is
1189 2077 1376 2128 thought
1397 2076 1446 2115 of
1472 2077 1713 2129 especially.

1188 2145 1225 2185 3.
1257 2133 1317 2172 ad
1339 2132 1703 2172 tabernaculum
1726 2133 1855 2172 eius:
1881 2132 1955 2172 the

1134 2188 1307 2227 Piraeus
1348 2188 1477 2238 being
1515 2188 1559 2226 in
1599 2188 1716 2226 ruins
1760 2188 1831 2239 (cf.
1873 2189 1952 2239 Ep.

1132 2245 1314 2282 LXXV.
1334 2244 1391 2295 4),
1411 2244 1631 2283 travellers
1652 2255 1761 2282 were
1782 2243 1955 2294 obliged

1130 2306 1176 2338 to
1216 2312 1338 2350 camp
1378 2299 1421 2337 in
1469 2305 1597 2338 tents.
1618 2323 1674 2328 —
1694 2299 1952 2350 pauculos:

1132 2355 1305 2394 Servius
1327 2355 1470 2394 shows
1492 2367 1518 2393 a
1540 2353 1751 2393 fondness
1781 2354 1851 2392 for
1880 2354 1953 2393 the

1130 2423 1205 2450 use
1236 2410 1282 2449 of
1321 2410 1609 2450 diminutives.
1686 2409 1753 2449 Cf.
1784 2411 1954 2448 mulier-

1127 2468 1236 2513 cula,
1276 2467 1571 2512 homunculus,
1613 2464 1699 2504 and
1742 2466 1952 2511 animula,

1129 2522 1208 2572 Ep.
1233 2522 1487 2560 LXXV.—
1503 2528 1659 2561 metu:
1692 2519 1725 2559 if
1754 2533 1779 2559 a
1800 2520 1951 2559 citizen

1127 2590 1213 2615 was
1245 2576 1472 2616 murdered
1502 2577 1557 2630 by
1585 2590 1610 2616 a
1639 2577 1769 2622 slave,
1792 2576 1847 2614 all
1878 2575 1951 2614 the

1126 2633 1267 2672 slaves
1297 2632 1344 2670 of
1373 2632 1446 2671 the
1476 2631 1721 2672 household
1742 2644 1850 2670 were
1880 2631 1950 2670 lia-

1127 2687 1194 2726 ble
1226 2694 1271 2726 to
1304 2687 1355 2726 be
1385 2694 1463 2739 put
1494 2694 1539 2726 to
1570 2687 1730 2734 death;
1764 2687 1817 2726 cf.
1847 2687 1948 2725 Tac.

1126 2744 1245 2781 Ami.
1273 2755 1333 2791 14.
1357 2755 1407 2791 42
1438 2744 1673 2781 Pedanium
1706 2743 1946 2781 Secundum

1125 2812 1270 2836 servits
1283 2800 1417 2848 ipsius
1433 2798 1674 2849 inteifecit,·
1690 2827 1698 2835 .
1718 2827 1726 2835 .
1745 2827 1753 2834 .
1771 2804 1947 2835 ceterum

1126 2867 1218 2891 cum
1241 2859 1374 2892 vetere
1399 2867 1450 2892 ex
1480 2866 1595 2891 more
1611 2853 1835 2904 familiam
1869 2865 1948 2890 om-

1128 2922 1234 2954 nem,
1266 2921 1374 2960 quae
1401 2909 1476 2946 sub
1503 2909 1637 2946 eodem
1669 2913 1766 2946 tecto
1795 2908 1949 2945 mansi-

1126 2969 1302 3009 taverat,
1314 2964 1375 3001 ad
1384 2964 1637 3013 supplicium
1655 2964 1727 3012 agi
1738 2967 1945 3011 oporteret,

1127 3025 1205 3057 etc.
1250 3019 1370 3056 Even
1388 3017 1511 3056 when
1533 3017 1605 3056 the
1626 3016 1843 3055 murderer
1863 3029 1948 3054 was

1126 3080 1203 3111 not
1221 3086 1302 3111 one
1320 3072 1367 3111 of
1387 3073 1497 3111 their
1511 3071 1704 3118 number,
1720 3071 1792 3110 the
1809 3072 1948 3110 slaves
