2067 3332
200 186 252 226 32
772 187 1050 225 CICERO'S
1094 188 1383 226 LETTERS.
1746 187 1844 239 [Ep.
1868 189 1947 227 VI.

202 329 320 379 eius
351 328 595 378 animum
629 334 683 378 et
721 327 994 378 insedisse
1025 329 1290 394 quasdam
1328 327 1549 377 odiosas
1581 328 1945 393 suspiciones,

201 419 400 485 quibus
433 435 535 484 ego
567 417 777 468 mederi
817 435 941 468 cum
987 435 1245 483 cuperem
1290 425 1454 468 antea
1497 434 1662 484 saepe
1705 426 1759 467 et
1789 419 1949 469 vehe-

201 509 444 559 mentius
477 509 643 558 etiam
675 515 800 574 post
833 508 1185 558 sortitionem
1215 507 1549 574 provinciae,
1582 525 1684 558 nec
1727 515 1947 559 tantum

201 599 593 665 intellegebam
635 598 683 648 ei
728 615 851 648 esse
882 598 1210 648 offensionis
1241 606 1512 664 quantum
1555 598 1775 649 litterae
1817 606 1947 650 tuae

201 690 563 749 declararunt,
597 706 698 739 nec
729 696 948 738 tantum
988 689 1344 754 proficiebam
1374 696 1644 755 quantum
1673 688 1944 742 volebam.

202 780 311 830 Sed
354 788 542 829 tamen
586 779 690 829 hoc
731 796 819 829 me
863 778 981 845 ipse
1022 778 1361 839 consolabar,
1396 780 1541 845 quod
1586 797 1696 829 non
1737 780 1948 830 dubita-

199 871 324 921 bam
354 870 486 937 quin
517 877 573 919 te
604 869 693 919 ille
724 877 818 919 aut
851 869 1126 937 Dyrrachi
1157 876 1251 919 aut
1295 869 1350 918 in
1395 869 1516 919 istis
1559 869 1694 920 locis
1731 869 1945 935 uspiam

197 961 414 1011 visurus
446 968 622 1021 esset;
662 960 807 1026 quod
839 977 963 1010 cum
994 960 1307 1020 accidisset,
1342 960 1688 1010 confidebam
1719 977 1780 1010 ac
1811 960 1947 1010 mihi

198 1068 577 1117 persuaseram
621 1051 741 1100 fore
785 1058 845 1099 ut
890 1050 1075 1100 omnia
1117 1049 1471 1116 placarentur
1513 1049 1659 1100 inter
1686 1068 1800 1111 vos,
1835 1068 1945 1101 non

199 1143 359 1191 modo
391 1158 647 1191 sermone
677 1158 739 1191 ac
770 1140 1165 1206 disputatione,
1202 1141 1299 1190 sed
1331 1148 1638 1206 conspectu
1670 1141 1789 1207 ipso
1821 1159 1946 1192 con-

198 1249 502 1299 gressuque
544 1239 748 1282 vestro.
837 1231 981 1281 Nam
1025 1239 1233 1297 quanta
1289 1230 1360 1280 sit
1417 1230 1473 1280 in
1520 1231 1730 1297 Quinto
1773 1231 1944 1281 fratre

198 1340 319 1373 meo
365 1322 613 1383 comitas,
662 1329 870 1388 quanta
914 1320 1246 1382 iucunditas,
1295 1339 1458 1387 quam
1503 1321 1683 1371 mollis
1727 1321 1944 1372 animus

199 1422 251 1464 et
283 1414 349 1463 ad
380 1413 758 1478 accipiendam
791 1419 844 1462 et
875 1412 943 1462 ad
973 1412 1360 1477 deponendam
1392 1411 1780 1472 offensionem,
1809 1411 1945 1462 nihil

1593 1502 1703 1552 Sed
1745 1502 1945 1553 accidit

197 1595 664 1661 perincommode,
688 1593 834 1660 quod
868 1610 994 1643 eum
1025 1610 1299 1659 nusquam
1322 1593 1528 1643 vidisti.
1575 1592 1765 1643 Valuit
1797 1592 1943 1643 enim

197 1504 397 1554 attinet
442 1520 529 1553 me
571 1503 639 1553 ad
682 1511 753 1563 te,
796 1502 889 1569 qui
932 1519 994 1552 ea
1036 1502 1200 1563 nosti,
1246 1502 1503 1553 scribere.

197 1685 319 1751 plus
363 1685 508 1751 quod
554 1692 670 1734 erat
717 1683 798 1733 illi
848 1683 1243 1733 nonnullorum
1299 1683 1547 1739 artificiis
1605 1682 1942 1733 inculcatum

198 1794 359 1842 quam
391 1783 483 1825 aut
515 1775 758 1825 officium
788 1782 882 1824 aut
913 1774 1271 1824 necessitudo
1307 1781 1400 1824 aut
1445 1791 1597 1823 amor
1626 1782 1812 1824 vester
1854 1773 1944 1823 ille

198 1867 481 1932 pristinus,
529 1865 622 1931 qui
673 1865 969 1931 plurimum
1012 1864 1195 1914 valere
1240 1864 1452 1915 debuit.
1537 1864 1730 1930 Atque
1779 1864 1942 1914 huius

198 1956 535 2014 incommodi
580 1955 742 2021 culpa
786 1955 879 2005 ubi
921 1954 1178 2015 resideat,
1224 1954 1445 2004 facilius
1489 1971 1717 2020 possum
1763 1954 1945 2004 existi-

199 2064 346 2097 mare
389 2064 552 2113 quam
598 2046 861 2107 scribere3
918 2062 1113 2095 vereor
1155 2045 1303 2095 enim
1347 2062 1433 2105 ne,
1473 2045 1602 2094 dum
1647 2044 1940 2094 defendam

199 2154 364 2198 meOS,
398 2154 509 2187 non
553 2153 773 2202 parcam
816 2136 943 2187 tuis,
1031 2136 1174 2185 Nam
1220 2134 1297 2186 sic
1340 2134 1622 2200 intelleg0‚
1656 2142 1715 2184 ut
1747 2134 1883 2184 nihil
1913 2152 1945 2184 a

198 2227 519 2278 domesticis
549 2226 794 2276 vulneris
835 2225 1045 2276 factum
1090 2225 1178 2286 sit,
1214 2225 1347 2275 illud
1381 2224 1603 2291 quidem
1636 2225 1782 2291 quod
1826 2232 1941 2274 erat

199 2335 293 2368 eos
335 2326 485 2368 certe
529 2333 722 2367 sanare
765 2316 1028 2382 potuisse.

198 2445 517 2483 —insedissez
533 2458 585 2482 sc.
598 2445 645 2481 in
659 2445 776 2483 anim
784 2457 875 2481 0.—
887 2450 1028 2482 antea

200 2512 364 2551 saepe:
405 2500 438 2538 it
469 2500 504 2538 is
537 2498 708 2538 evident
741 2498 834 2537 that
868 2499 940 2536 the
972 2498 1030 2536 ill-

197 2555 356 2605 feeling
370 2555 417 2593 of
431 2555 622 2603 Quintus
638 2553 870 2592 antedated
886 2553 958 2592 the
972 2566 1030 2591 re-

197 2610 310 2649 fusal
326 2610 371 2648 of
392 2611 562 2648 Atticus
587 2616 631 2647 to
653 2622 776 2647 serve
794 2621 841 2648 as
857 2611 1028 2659 legatus.

256 2677 290 2704 2.
323 2666 370 2704 in
393 2665 499 2703 istis
527 2665 665 2702 locis:
697 2665 757 2702 i.e.
785 2664 824 2701 in
860 2663 1028 2714 Epirus,

199 2722 337 2760 where
360 2721 529 2759 Atticus
554 2733 650 2757 now
663 2732 760 2757 was.
794 2719 861 2757 Cf.
883 2720 959 2769 Ep.
977 2719 1028 2756 V.

203 2788 251 2829 15
274 2776 513 2815 n.—nihil
557 2777 744 2815 attinet:
785 2775 837 2814 cf.
872 2776 921 2813 cle
950 2788 1030 2825 quo

198 2834 306 2883 quid
329 2834 519 2878 sentiam,
556 2833 672 2870 nihil
707 2833 857 2870 attinet
882 2832 1026 2875 dicere,

199 2890 318 2927 Fam.
350 2901 387 2936 4.
419 2899 456 2937 7.
491 2886 1026 2939 3.—perincommode:

199 2943 251 2981 cf.
276 2944 378 2982 Intr.
401 2942 881 2991 77.——nonnullorum
914 2940 1027 2979 arti-

199 2999 335 3036 ficiis:
373 2998 446 3036 the
479 3010 609 3047 anger
641 2997 688 3035 of
720 2996 910 3045 Quintus
941 2994 1027 3032 had

200 3053 414 3104 evidently
445 3052 552 3091 been
586 3050 788 3089 inflamed
821 3050 876 3102 by
906 3062 1026 3088 some

200 3107 246 3145 of
275 3108 349 3146 the
381 3108 568 3145 enemies
598 3106 644 3144 of
677 3106 856 3144 Atticus.

1118 2315 1229 2366 Sed
1274 2315 1504 2365 huiusce
1547 2315 1625 2365 rei
1669 2315 1839 2364 totius
1870 2314 1944 2364 vi-

1177 2453 1213 2493 3.
1246 2442 1435 2480 facilius
1456 2470 1466 2480 .
1488 2470 1498 2480 .
1518 2470 1528 2480 .
1548 2442 1773 2480 scribere:
1791 2441 1945 2479 Cicero

1120 2497 1300 2535 touches
1333 2509 1447 2546 upon
1481 2509 1564 2535 one
1605 2496 1652 2534 of
1692 2496 1763 2534 the
1795 2496 1946 2534 funda-

1120 2552 1280 2590 mental
1294 2551 1379 2589 and
1399 2552 1616 2590 unknown
1635 2564 1786 2589 causes
1803 2551 1851 2589 of
1872 2551 1944 2589 the

1120 2608 1281 2658 enmity
1317 2606 1363 2644 of
1415 2607 1615 2655 Quintus,
1653 2606 1802 2652 which,
1833 2606 1945 2644 how-

1119 2676 1229 2708 ever,
1252 2662 1306 2701 he
1338 2662 1442 2700 does
1474 2668 1550 2700 not
1574 2661 1675 2700 dare
1706 2668 1818 2700 state
1847 2662 1889 2699 in
1920 2674 1946 2699 a

1118 2719 1324 2756 letter.—
1341 2730 1476 2756 meos
1502 2747 1510 2756 .
1535 2747 1542 2755 .
1571 2747 1580 2756 .
1604 2717 1718 2756 tuis:
1754 2717 1827 2755 the
1857 2718 1945 2767 plu-

1118 2775 1178 2811 ral
1211 2773 1315 2812 used
1348 2774 1523 2825 politely
1551 2773 1619 2811 for
1653 2772 1724 2811 the
1756 2772 1945 2822 singular

1120 2830 1189 2878 (cf.
1231 2843 1300 2881 ego
1339 2835 1487 2875 autem,
1533 2829 1609 2879 Ep.
1654 2829 1756 2865 VII.
1802 2828 1855 2878 Ι),
1897 2840 1943 2866 as

1118 2884 1269 2923 Cicero
1310 2897 1388 2923 can
1430 2883 1481 2923 be
1524 2883 1722 2934 thinking
1764 2884 1864 2935 only
1898 2883 1945 2921 of

1117 2939 1306 2988 Quintus
1356 2938 1439 2977 and
1494 2939 1733 2989 Pomponia
1783 2951 1943 2989 respec-

1116 2995 1257 3046 tively.
1279 3018 1333 3022 —
1358 3001 1408 3034 ut
1449 2994 1579 3040 nihil,
1611 2996 1823 3043 granting
1854 2994 1946 3040 tlzat

1115 3063 1178 3093 no,
1216 3048 1681 3087 eto—domesticis:
1718 3050 1779 3086 τῖε.
1820 3049 1941 3086 Pom-

1114 3104 1255 3154 ponia.
