2067 3332
123 162 243 199 Fam.
268 169 303 212 5.
330 158 412 213 15.]
701 158 980 198 CICERO'S
1023 159 1314 198 LETTERS.
1797 161 1875 200 235

121 301 305 352 fectus
349 307 515 351 esset.

122 391 242 458 ipse
283 390 501 442 delatus
545 407 711 452 eram,
759 390 1011 458 meisque
1056 391 1355 443 lecticariis
1405 392 1460 443 in
1510 393 1703 444 urbem
1750 410 1874 444 eum

121 482 345 543 referre,
380 481 567 549 ibique
609 498 709 548 pro
753 498 818 533 ea
860 482 1017 548 copia
1058 499 1200 550 quae
1242 482 1490 534 Athenis
1534 491 1667 545 erat,
1705 484 1875 535 funus

121 573 173 624 ei
207 573 344 624 satis
383 572 630 639 amplum
658 572 980 624 faciendum
1012 573 1213 625 curavi.
1298 573 1394 625 Ab
1424 573 1875 626 Atheniensibus

120 664 304 716 locum
334 663 658 731 sepulturae
688 663 836 715 intra
864 664 1060 715 urbem
1100 672 1162 716 ut
1192 665 1389 716 darent
1434 665 1733 733 impetrare
1762 684 1875 717 non

120 755 293 823 potui,
321 756 468 823 quod
498 754 770 823 religione
799 772 859 807 se
889 755 1147 823 impediri
1175 756 1443 819 dicerent,
1477 774 1659 825 neque
1687 765 1875 808 tamen

119 845 175 897 id
204 853 370 897 antea
399 846 658 914 cuiquam
689 854 1102 898 concesserant.
1190 847 1358 914 Quod
1400 847 1710 914 proximum
1748 847 1871 909 fuit,

120 937 202 988 uti
245 937 301 988 in
334 954 444 1005 quo
474 936 746 988 vellemus
789 938 1082 1006 gymnasio
1127 955 1253 989 eum
1298 938 1678 1006 sepeliremUS,
1713 939 1875 990 nobis

619 1028 738 1078 Nos
776 1028 833 1079 in
868 1029 1218 1080 nobilissimo
1258 1029 1378 1080 orbi
1420 1037 1694 1081 terrarum
1725 1047 1878 1099 gym-

602 299 844 351 Coactus
892 317 1014 351 sum
1060 300 1115 352 in
1161 302 1354 352 eadem
1400 301 1492 353 illa
1535 301 1734 354 lectica
1771 320 1878 370 qua

119 1028 512 1095 permiserunt.

119 1119 276 1170 nasio
307 1118 650 1170 Academiae
673 1119 857 1170 locum
888 1119 1200 1187 delegimus
1231 1120 1422 1187 ibique
1455 1138 1582 1172 eum
1625 1121 1877 1172 combus-

120 1210 294 1260 simus
338 1217 647 1277 posteaque
694 1210 1008 1261 curavimus
1058 1218 1118 1261 ut
1171 1211 1335 1262 iidem
1380 1211 1769 1263 Athenienses
1819 1212 1875 1262 in

120 1302 315 1352 eodem
366 1301 488 1352 loco
539 1309 968 1352 monumentum
1026 1302 1076 1353 ei
1131 1320 1501 1353 marmoreum
1557 1302 1875 1355 faciendum

118 1391 384 1443 locarent.
471 1392 573 1453 Ita,
608 1409 750 1459 quae
779 1400 973 1443 nostra
1001 1392 1183 1444 officia
1224 1393 1453 1444 fuerunt
1496 1411 1595 1460 pro
1639 1393 1875 1461 collegio

119 1490 174 1534 et
205 1500 303 1550 pro
333 1483 769 1550 propinquitate,
804 1491 859 1534 et
889 1483 1015 1534 vivo
1047 1492 1101 1534 et
1141 1491 1362 1535 mortuo
1404 1484 1591 1535 omnia
1633 1484 1685 1535 ei
1726 1501 1877 1550 prae-

120 1573 384 1626 stitimus,
469 1573 625 1625 Vale.
713 1575 781 1625 D.
817 1592 896 1640 pr.
930 1575 1001 1625 K.
1038 1575 1156 1625 Iun.
1193 1574 1456 1626 Athenis.

602 1815 903 1866 LXXIX.
968 1815 1141 1884 (Fam.
1180 1828 1224 1881 5.
1266 1817 1371 1883 15.)

441 1974 501 2013 M.
544 1974 776 2013 CICERO
819 1975 863 2014 S.
907 1975 962 2013 D.
1006 1976 1054 2013 L.
1098 1975 1367 2014 LVCCEIO
1410 1976 1465 2025 Q.
1509 1976 1556 2014 F.

197 2100 398 2153 Omnis
428 2118 583 2152 amor
611 2108 741 2152 tuus
771 2118 838 2152 ex
867 2101 1127 2152 omnibus
1167 2101 1419 2168 partibus
1450 2119 1510 2153 se
1538 2101 1785 2153 ostendit
1815 2102 1870 2153 in

117 2191 183 2242 iis
225 2191 429 2242 litteris
472 2209 609 2259 quas
652 2209 683 2242 a
724 2200 783 2243 te
823 2192 1073 2259 proxime
1116 2192 1320 2259 accepi,
1359 2209 1471 2242 non
1513 2191 1605 2243 ille
1648 2193 1869 2259 quidem

116 2282 253 2332 mihi
292 2282 536 2349 ignotus,
577 2282 674 2333 sed
716 2290 905 2333 tamen
948 2290 1140 2350 gratus
1185 2290 1239 2333 et
1282 2283 1869 2349 optatus—dicerem

116 2427 204 2466 had
224 2427 341 2479 good
365 2441 519 2467 reason
543 2435 588 2467 to
610 2428 704 2467 fear
720 2429 793 2468 the
810 2442 948 2469 sever-

117 2484 177 2536 ity
191 2484 238 2522 of
256 2484 328 2523 the
342 2484 433 2522 law.
448 2508 504 2512 —
518 2484 640 2523 meis
662 2484 945 2525 lecticariis:

117 2539 199 2578 abl.
223 2539 270 2578 of
295 2553 455 2579 means.
471 2564 526 2568 —
542 2552 627 2591 pro
650 2552 706 2579 ea
730 2541 881 2592 copia,
904 2555 948 2580 so

111 2596 190 2648 far
226 2609 274 2634 as
313 2596 382 2634 the
408 2596 616 2648 fczcilz'ties
654 2597 715 2646 (at
755 2597 944 2649 Athens)

115 2652 305 2690 allowed.
321 2675 376 2680 —
392 2658 443 2691 ut
469 2652 698 2704 (darent):
733 2653 806 2692 the
837 2654 948 2705 posi-

117 2707 208 2746 tion
242 2707 290 2746 of
323 2714 374 2747 ut
409 2708 453 2746 in
488 2708 560 2747 the
594 2709 754 2749 middle
788 2710 835 2748 of
874 2710 947 2749 the

116 2764 260 2803 clause
307 2764 398 2817 lays
447 2765 668 2816 emphasis
714 2779 832 2817 upon
874 2766 947 2805 the

115 2819 254 2859 words
298 2820 436 2859 which
485 2820 679 2871 precede.
756 2821 824 2860 Cf.
867 2822 945 2872 Ep.

118 2875 265 2914 XXX.
293 2887 308 2914 1
335 2877 580 2928 n.—-qu0d
604 2905 615 2916 .
639 2906 650 2916 .
674 2907 684 2916 .
707 2877 945 2916 dicerent:

117 2930 190 2969 the
212 2931 336 2982 subj.‚
361 2931 572 2983 although
594 2940 670 2972 not
696 2933 948 2984 expressing

117 2999 141 3024 a
162 2993 330 3037 pretext
362 2987 440 3026 but
471 2987 545 3026 the
574 2989 660 3027 real
686 3001 860 3038 reason3
891 2989 945 3027 cf.

115 3043 278 3088 diceret,
296 3044 373 3094 Ep.
395 3043 428 3081 I.
445 3055 468 3095 3
483 3056 581 3081 n.—
591 3056 747 3095 neque
764 3051 945 3090 tamen,

115 3098 207 3135 and
240 3099 352 3150 aster
389 3100 454 3136 all
485 3130 491 3136 .
526 3129 533 3136 .
568 3128 575 3136 .
608 3101 822 3138 noa—in
854 3112 947 3151 quo

1037 2429 1275 2469 vellemus
1300 2429 1581 2481 gymnasio:
1619 2428 1739 2468 there
1760 2442 1871 2469 were

1038 2485 1158 2524 three
1179 2486 1222 2524 in
1246 2486 1442 2524 Athens:
1466 2486 1640 2531 Λύκειον,
1662 2485 1871 2535 Κυνόσαρ-

1037 2555 1116 2589 ves,
1152 2537 1393 2588 Ἀκαδημία.
1416 2565 1472 2569 -
1491 2541 1593 2580 orbi
1613 2555 1620 2578 :
1671 2541 1868 2580 locative.

1036 2598 1252 2636 —iidem
1296 2597 1651 2635 Athenienses:
1697 2598 1758 2635 tle.
1795 2597 1869 2635 the

1036 2667 1155 2694 same
1176 2654 1332 2704 people
1355 2653 1451 2691 who
1483 2652 1569 2691 had
1597 2651 1792 2691 declined
1822 2659 1868 2691 to

1036 2711 1161 2748 allow
1203 2710 1275 2748 the
1311 2709 1439 2748 ashes
1472 2715 1517 2748 to
1557 2708 1610 2747 be
1642 2707 1868 2758 deposited

1036 2766 1182 2805 within
1205 2766 1278 2804 the
1300 2765 1397 2817 city.
1414 2789 1470 2793 —
1486 2764 1839 2816 propinquitate
1859 2779 1866 2801 :

1036 2821 1134 2860 how
1182 2821 1412 2860 Marcellus
1463 2833 1549 2859 was
1605 2819 1768 2859 related
1821 2827 1866 2858 to

1038 2877 1212 2916 Servius
1242 2877 1278 2915 is
1308 2875 1666 2914 unknown.—d.
1690 2887 1758 2927 pr.
1787 2876 1864 2928 K.,

1035 2940 1140 2972 etc.:
1183 2932 1236 2971 cf.
1261 2933 1365 2970 Intr.
1389 2931 1454 2970 62.

1094 2988 1308 3027 LXXIX.
1352 2988 1528 3033 Astura,
1572 2988 1676 3040 May
1721 2998 1864 3030 10—12‚

1037 3054 1088 3096 45
1124 3054 1207 3081 ΒΩ.
1270 3043 1460 3082 Cicero's
1502 3055 1666 3082 answer
1706 3049 1751 3081 to
1787 3043 1863 3093 Ep.

1038 3099 1272 3139 LXXVII.
