2067 3332
207 206 262 246 98
775 203 1051 241 CICERO‘S
1095 202 1380 240 LETTERS.
1651 201 1750 252 [Ep.
1775 200 1941 238 XXIV.

211 345 491 414 Tyrannio
523 352 606 394 est
639 351 900 394 cessator.
987 341 1299 409 Chrysippo
1329 340 1532 402 dicam;
1574 340 1671 390 sed
1706 357 1792 390 res
1822 357 1942 406 ope-

211 454 334 486 rosa
372 442 456 485 est
498 442 552 484 et
595 433 830 484 hominis
874 431 1270 498 perdiligentiS.
1357 430 1550 481 Sentio
1591 430 1724 496 ipse,
1756 430 1849 496 qui
1889 430 1942 480 in

211 542 425 577 summo
469 524 650 575 studio
694 522 825 573 nihil
881 523 1167 588 adsequor.
1253 522 1342 572 De
1399 520 1611 571 Latinis
1652 537 1782 571 vero
1837 537 1944 587 quo

211 634 298 667 me
339 624 551 666 vertam
595 614 781 666 nescio
796 631 808 677 ;
850 615 925 665 ita
966 615 1230 665 mendose
1273 613 1662 665 exscribuntur
1703 620 1758 663 et
1786 629 1945 663 vene-

211 715 327 767 unt,
370 707 466 757 sed
508 713 695 756 tamen
740 706 887 772 quod
930 705 1048 755 fieri
1089 705 1291 771 poterit
1334 721 1445 755 non
1488 703 1796 771 neglegam.
1882 702 1943 755 C.

215 797 460 856 Rebilus,
495 804 553 846 ut
585 803 715 846 ante
745 796 811 845 ad
841 803 898 846 te
927 795 1132 861 scripsi,
1168 796 1379 845 Romae
1421 801 1524 855 est,
1557 801 1612 844 et
1642 793 1733 860 qui
1766 793 1947 844 omnia

211 888 438 947 adiurat,
472 887 674 936 debere
704 886 802 936 tibi
831 885 989 936 valde
1031 885 1366 937 renuntiant.

212 977 530 1028 confectum
563 993 701 1036 esse,
735 976 864 1026 dum
895 976 1104 1027 absum.

1452 884 1539 935 De
1567 883 1775 934 aerario
1813 890 1947 950 puto

158 1091 177 1126 7
292 1067 573 1134 Quattuor
615 1067 927 1133 tragoedias
972 1066 1212 1117 sedecim
1242 1066 1438 1116 diebus
1480 1064 1781 1116 absolvisse
1823 1081 1948 1115 cum

213 1157 436 1217 scribaS‚
470 1164 531 1206 tu
562 1157 853 1223 quicquam
888 1156 957 1206 ab
987 1155 1094 1206 alio
1136 1155 1443 1206 mutuaris?
1487 1162 1540 1206 et
1583 1151 1760 1207 πάθος
1791 1171 1950 1221 quae-

214 1248 300 1307 riS,
348 1264 471 1298 cum
517 1247 796 1297 Electram
842 1254 895 1296 et
940 1246 1221 1313 Aeropam
1265 1245 1595 1312 scripseris?
1689 1244 1951 1296 Cessator

215 1354 337 1387 esse
382 1336 494 1386 noli
539 1344 594 1386 et
638 1336 769 1386 illud
815 1333 984 1400 «γνῶθι
1025 1334 1254 1386 σεαυτὸν
1297 1335 1408 1386 noli
1454 1342 1648 1402 putare
1692 1335 1759 1385 ad
1801 1335 1950 1384 adro-

213 1427 457 1493 gantiam
501 1427 854 1476 minuendam
899 1426 1077 1477 solum
1122 1442 1245 1477 esse
1286 1426 1511 1486 dictum,
1556 1442 1745 1475 verum
1786 1424 1950 1475 etiarn

215 1524 274 1567 ut
319 1517 464 1567 bona
507 1524 696 1567 nostra
738 1516 1000 1568 norimus,

215 1606 347 1657 mihi
373 1606 536 1657 velim
568 1607 771 1657 mittas,

1093 1516 1202 1568 Sed
1248 1524 1303 1566 et
1350 1516 1483 1566 istas
1539 1523 1594 1566 et
1651 1515 1949 1581 Erigonam

848 1607 1040 1658 Habes
1070 1608 1136 1657 ad
1160 1608 1295 1658 duas
1325 1605 1592 1673 epistulas
1622 1605 1910 1671 proximas

751 1780 967 1832 XXIV.
1030 1781 1204 1850 (Fam.
1239 1794 1287 1846 7.
1328 1783 1432 1849 16.)

661 1912 720 1950 M.
753 1912 984 1951 CICERO
1027 1912 1068 1951 S.
1101 1913 1157 1950 D.
1189 1876 1514 1953 TREBRTIO.

166 2050 179 2076 1
296 2023 374 2072 In.
406 2023 565 2089 Equo
608 2023 850 2073 Troiano
893 2023 1001 2074 scis
1044 2040 1168 2075 esse
1210 2025 1264 2074 in
1307 2033 1580 2076 extremo:
1625 2035 1780 2076 ‘sero
1818 2024 1954 2091 sapi-

220 2112 354 2164 unt.'
437 2113 524 2163 Tu
566 2120 771 2173 tamen,
817 2113 891 2163 mi
933 2113 1134 2175 vetule,
1182 2131 1292 2165 non
1349 2132 1486 2167 sero,
1579 2114 1785 2166 Primas
1834 2114 1954 2165 illas

218 2231 339 2268 libris
379 2232 699 2271 commutandis.
732 2231 900 2268 Latinis
938 2245 1040 2269 com-

210 2286 437 2335 parandis,
469 2287 591 2324 z'alde
624 2287 748 2324 velim
787 2287 863 2323 ista
896 2287 1043 2338 confici

221 2371 227 2377 .
254 2371 260 2377 .
285 2370 307 2386 .,
330 2342 402 2378 sed
418 2355 484 2391 ego
506 2342 615 2378 mihi
635 2342 716 2390 ipsi
735 2343 812 2379 ista
830 2348 908 2390 per
920 2356 1039 2393 quem

219 2409 338 2443 timim
402 2410 483 2433 non
541 2397 675 2434 habco.
699 2420 752 2424 —
785 2397 1041 2446 Tyrannio,

223 2452 519 2501 Chrysippo:
562 2458 708 2502 expert
748 2453 924 2490 librarii
939 2466 952 2497 ,·
989 2452 1042 2491 cf.

223 2507 300 2556 Ep.
326 2507 473 2544 XVII.
502 2507 680 2545 1.—ita
709 2508 938 2546 mendose
968 2520 1047 2546 ex-

223 2562 518 2600 scribuntur:
552 2575 604 2600 an
628 2562 880 2613 interesting
906 2563 967 2601 bit
1000 2562 1046 2601 of

221 2616 498 2655 information
530 2617 572 2655 in
609 2617 760 2667 regard
794 2624 839 2655 to
870 2618 943 2656 the
975 2631 1046 2656 un-

222 2673 586 2710 trustworthiness
629 2673 675 2710 of
715 2673 915 2724 copyists.
977 2673 1044 2711 Cf.

222 2727 313 2764 also
352 2727 451 2770 Birt,
482 2729 574 2764 Das
605 2729 745 2766 antike
773 2729 1044 2773 Buchwesem

226 2793 314 2819 222.
337 2806 391 2810 —-
421 2783 472 2821 C.
510 2783 737 2822 Rebilus:
779 2783 988 2835 probably
1023 2796 1047 2821 a

223 2837 443 2875 centurion
486 2838 528 2875 in
564 2838 788 2886 Quintus's
815 2839 955 2888 legion
991 2851 1045 2876 on

222 2892 423 2942 furlough
447 2893 489 2930 in
516 2894 652 2931 Rome
672 2894 1046 2945 (Tyrrell).—qui

224 2947 400 2998 omnia,
425 2955 522 2986 etc.:
555 2961 625 2986 see
652 2949 754 2986 Crit.
782 2948 1048 2999 Append—

224 3002 280 3039 de
315 3003 515 3040 aerario:
561 3003 632 3041 the
664 3003 878 3042 reference
910 3004 944 3042 is
977 3017 1048 3042 un-

224 3057 393 3094 known.
456 3057 521 3095 Cf.
549 3059 672 3108 Q-fi'·
698 3070 732 3108 3.
756 3071 791 3106 4.
820 3070 852 3110 5.

281 3122 316 3158 7.
352 3112 591 3150 Electram
616 3120 661 3150 et
686 3114 923 3163 Aeropam
944 3129 951 3152 :
976 3114 1048 3152 the

1133 2233 1303 2272 Electra
1319 2231 1403 2271 and
1421 2234 1461 2271 E
1464 2234 1610 2284 rzgrona
1623 2245 1730 2271 were
1747 2231 1955 2284 probably

1133 2288 1409 2326 translations
1430 2288 1477 2326 of
1505 2289 1626 2340 plays
1657 2288 1705 2326 of
1734 2288 1806 2326 the
1837 2300 1955 2326 same

1131 2356 1257 2382 name
1279 2343 1333 2395 by
1356 2343 1607 2394 Sophocles.
1662 2343 1755 2381 The
1777 2343 1955 2393 original

1133 2398 1179 2437 of
1209 2399 1281 2437 the
1303 2400 1469 2448 Ab't‘opa
1502 2399 1537 2437 is
1567 2405 1644 2436 not
1674 2398 1832 2436 known
1854 2398 1953 2436 with

1133 2454 1351 2506 certainty.
1376 2452 1444 2492 (ΞΥ.
1464 2452 1671 2498 Ribbeck,
1687 2455 1807 2492 Ram.
1833 2454 1873 2491 T
1867 2467 1955 2503 rag.

1132 2522 1203 2560 pp.
1226 2509 1430 2559 619—621,
1453 2509 1538 2547 and
1561 2508 1780 2554 Biicheler‚
1807 2508 1957 2556 Quinti

1137 2566 1348 2611 Ciceronis
1396 2565 1630 2615 Reliquiae,
1680 2564 1739 2602 18.
1754 2587 1808 2592 —
1827 2561 1957 2614 γνῶθι

1132 2618 1345 2658 σεαυτὸνε
1378 2619 1450 2658 the
1480 2619 1730 2670 inscription
1760 2631 1863 2657 over
1884 2618 1956 2657 the

1133 2681 1333 2713 entrance
1356 2680 1401 2712 to
1433 2674 1505 2713 the
1537 2674 1694 2725 temple
1721 2673 1767 2712 of
1798 2674 1956 2724 Apollo

1134 2736 1177 2767 at
1216 2729 1455 2780 Delphi.—
1473 2730 1761 2780 Erigonam:
1804 2730 1956 2768 Cicero

1134 2784 1223 2822 first
1255 2785 1386 2823 refers
1419 2792 1464 2823 to
1498 2785 1582 2822 this
1615 2784 1731 2823 work
1762 2784 1804 2822 in
1839 2785 1956 2834 Sept.

1136 2839 1206 2890 (cf.
1243 2840 1290 2887 Q.
1310 2841 1377 2890 fr.
1412 2851 1446 2891 3.
1483 2851 1516 2876 1.
1552 2838 1631 2890 13).
1696 2840 1733 2877 It
1765 2838 1850 2877 had
1882 2845 1956 2876 not

1134 2894 1318 2933 reached
1339 2894 1440 2939 him,
1459 2895 1669 2940 however,
1689 2895 1729 2932 in
1755 2895 1858 2933 Dec.
1886 2893 1954 2944 (cf.

1138 2950 1262 3001 Q.sr.
1283 2962 1317 3001 3.
1340 2961 1377 3000 9.
1400 2950 1458 2999 6),
1480 2949 1565 2987 and
1596 2949 1649 2988 he
1676 2949 1788 2988 fears
1810 2949 1903 2987 that
1926 2949 1956 2986 it

1135 3005 1212 3043 has
1229 3005 1339 3044 been
1356 3006 1440 3043 lost
1457 3017 1513 3042 on
1529 3005 1600 3043 the
1615 3017 1773 3056 way.—-
1786 3005 1955 3043 habes:

1134 3074 1185 3097 sc.
1209 3067 1463 3109 responsum.

1193 3116 1360 3152 XXIV.
1406 3116 1555 3161 Rome,
1579 3116 1707 3160 Nov.,
1733 3124 1782 3168 54
1805 3123 1886 3152 B.C.
