2067 3332
594 110 895 151 CRITICAL
934 113 1270 154 APPENDIX.
1728 120 1807 161 293

235 248 323 290 ΕΡ.
353 248 400 289 ΙΙ
431 248 562 307 (Att.
594 261 630 291 1.
657 251 708 308 2)

87 365 101 392 1
138 360 185 393 te
208 359 308 392 tam
329 359 366 392 te
385 355 508 392 etiam
535 355 581 392 M

137 415 174 448 te
193 410 278 447 iam
306 409 419 448 Boot

139 465 262 505 meis
298 465 358 504 ad
391 471 438 504 te
480 466 746 507 rationibus
787 469 891 507 meis

193 521 520 560 detractionibus
542 523 588 560 M

136 592 163 617 a
183 582 219 616 te
239 577 476 616 rationibus
497 590 630 630 marg.

160 675 330 717 EPIST.
361 674 438 717 III
468 676 632 734 (Fam.
662 687 701 731 5.
730 679 780 736 7)

85 792 100 819 1
137 786 367 832 quantam
395 783 428 819 Σ
486 795 614 833 quam
637 784 669 820 Ω

83 848 104 875 2
137 836 449 876 conciliatura
470 839 726 877 conciliatur
747 839 837 878 MR

82 904 105 945 3
136 894 365 932 verebare
389 893 472 932 GR
529 907 671 932 verere
694 895 739 932 M

139 960 195 987 ea
217 960 340 999 quae
362 961 452 988 nos
473 963 602 1001 eaque
623 963 697 988 nos
719 950 765 988 M

138 1005 307 1043 maiori
346 1006 506 1043 maiore
548 1006 593 1044 M
654 1007 811 1045 maiori
858 1008 891 1045 Σ

193 1061 373 1099 maiorei
394 1060 706 1101 Mendelssohn

138 1117 235 1156 iam
257 1128 335 1156 me
360 1117 494 1156 Klotz
544 1131 638 1156 ame
660 1118 706 1156 M

152 1230 322 1272 EPIST.
352 1229 421 1271 IV
450 1230 614 1288 (Fam.
643 1239 682 1282 7.
710 1231 793 1288 23)

142 1337 294 1376 Fadio
316 1337 444 1376 Fabio
471 1338 503 1375 Ω

88 1405 103 1432 1
139 1393 385 1445 postulare
400 1388 674 1443 postularent
695 1394 727 1431 Ω

85 1461 106 1488 2
140 1449 396 1501 sumpsisti
417 1451 643 1499 sumpsisse
663 1450 695 1487 Ω

139 1512 240 1544 erat
263 1506 346 1544 GR
399 1510 525 1543 erant
541 1506 587 1544 M

84 1574 108 1615 3
139 1563 329 1602 habebo
350 1561 478 1599 lzabeo
496 1562 528 1599 Ω

141 1617 367 1657 exhedria
387 1618 598 1656 exltadria
623 1617 670 1656 M
714 1618 894 1656 exadrz'a

85 1743 110 1780 4
141 1731 424 1770 mandaram
444 1729 617 1769 Ernesti
636 1730 890 1769 mandabam

141 1855 303 1882 sorore
345 1854 453 1881 earn
492 1856 678 1881 sororem
720 1856 810 1882 eam
847 1843 894 1881 M

195 1913 336 1938 sorore
356 1912 446 1937 mea
470 1898 510 1938 G
552 1911 735 1937 sororem
757 1912 891 1937 meam

198 1956 237 1993 R

140 2010 316 2050 faciam
331 2017 383 2050 ut
399 2011 542 2050 scias.
590 2010 666 2050 Tu
670 2010 894 2062 faciamus

193 2068 302 2106 scias
336 2073 382 2105 tu
420 2066 510 2106 MG
544 2067 766 2118 fizciamus
787 2068 826 2105 si
853 2080 894 2105 es

195 2129 240 2161 tu
265 2123 304 2161 R

184 2220 354 2264 EPIST.
380 2221 424 2263 V
451 2220 581 2279 (Att.
614 2232 651 2262 1.
682 2219 760 2279 16)

86 2337 107 2363 2
140 2326 472 2378 pugnavitque
486 2327 764 2377 pugnavique
787 2324 853 2364 Ml

139 2389 307 2422 notum
331 2396 483 2420 novum
511 2380 576 2420 Μ1

85 2448 108 2489 3
140 2449 168 2476 a
210 2451 286 2477 me
328 2445 491 2477 tamen
525 2438 571 2476 M
633 2452 657 2476 a
698 2451 763 2477 me
802 2439 887 2476 iam

197 2493 377 2545 Madvig

139 2550 364 2589 homines
395 2550 725 2601 nequissimos
757 2562 889 2601 marg.

194 2606 385 2646 homines
406 2608 502 2657 quis
521 2619 708 2644 summos
732 2606 778 2644 M

139 2673 235 2700 non
267 2690 278 2700 .
312 2690 322 2700 .
356 2691 366 2700 .
398 2662 548 2700 aerati
573 2662 769 2700 Muretus
805 2660 890 2700 and

196 2718 361 2770 Tyrrell
384 2730 431 2757 as
453 2717 658 2756 modified
680 2717 735 2769 by
752 2716 892 2756 editor

195 2787 280 2812 non
302 2779 386 2811 tam
419 2775 558 2812 aerati
585 2786 712 2824 quam
747 2778 795 2810 ut
820 2779 890 2823 ap-

185 2830 414 2879 pellantur
460 2830 624 2867 aerarii
668 2829 728 2867 M.
809 2828 890 2867 See

196 2885 519 2937 Commentary.

140 2939 308 2991 fugare
330 2941 514 2991 effugare
537 2940 582 2978 M

141 3003 415 3035 maerentes
449 2996 650 3034 merentis
685 2996 744 3034 M.
808 2995 889 3034 See

197 3051 518 3103 Commentary.

1005 265 1030 303 4
1061 254 1351 306 impetrabat
1386 257 1623 297 Lambinus
1681 261 1811 311 impe-

1116 316 1259 349 trarat
1281 313 1326 350 M

1061 367 1406 408 advocatorum
1424 370 1710 410 advocatorem
1736 373 1781 411 M

1062 422 1217 461 iurare
1240 424 1443 463 iurarent
1463 424 1529 464 M1

1009 488 1028 530 5
1061 479 1303 528 praesidio
1316 482 1482 530 prescio
1505 482 1551 521 M

1059 532 1212 573 ἕσπετε
1234 537 1432 574 ΕΣΙΤΕ
1465 538 1511 576 Μ

1061 591 1137 628 νῦν
1169 592 1298 630 H'rN
1332 592 1379 630 Μ

1059 647 1235 697 πρῶτον
1255 674 1266 686 .
1290 675 1301 687 .
1326 675 1337 687 .
1362 646 1518 699 ἐ’μπεσε
1555 651 1724 689 ΠΡΛΤ
1740 653 1812 691 On

1118 703 1156 740 Π
1169 704 1200 740 Ε
1213 705 1251 741 Π
1265 705 1295 741 Τ
1310 705 1349 742 Π
1364 706 1394 741 Ε
1407 706 1439 742 Σ
1451 707 1482 742 Ε
1516 707 1562 744 Μ

1064 757 1267 798 Calvum
1288 788 1298 798 .
1318 788 1328 798 .
1348 788 1358 798 .
1378 760 1511 800 illum
1531 763 1577 800 M
1631 764 1810 802 Calvum

1117 815 1409 860 ἐξαπιναῖον
1451 818 1578 856 illum
1629 819 1814 858 laudato-

1118 883 1206 908 rem
1266 884 1403 909 meum
1468 872 1581 912 Boot
1643 874 1815 925 (doubt-

1117 925 1243 978 fully)

1007 980 1034 1020 6
1064 981 1223 1021 delere
1265 989 1327 1030 et,
1369 984 1497 1034 quod
1539 984 1606 1023 M2

1118 1039 1235 1089 quod
1253 1037 1318 1076 M1

1008 1104 1030 1142 7
1064 1093 1205 1144 plane
1218 1096 1353 1145 plena
1377 1093 1443 1134 Μ1

1006 1148 1031 1188 8
1064 1149 1111 1188 in
1135 1162 1190 1188 ea
1211 1164 1303 1189 mea
1327 1151 1373 1189 M

1065 1206 1171 1245 aliis
1193 1206 1290 1258 legi
1314 1208 1360 1245 M
1409 1208 1460 1246 ab
1476 1209 1577 1246 aliis
1597 1210 1679 1261 legi
1694 1210 1815 1249 Mad-

1120 1262 1203 1313 vig,
1221 1262 1301 1301 but
1321 1275 1393 1302 see
1417 1263 1740 1319 Commentary.

1008 1329 1034 1370 9
1065 1324 1147 1358 aut
1198 1319 1459 1358 metuendo
1510 1320 1815 1371 ignavissimi

1120 1374 1309 1413 inserted
1332 1374 1389 1427 by
1411 1376 1661 1416 Lambinus.

986 1441 1035 1468 10
1066 1430 1179 1481 quid
1200 1430 1312 1470 huic
1337 1432 1383 1469 M
1427 1433 1621 1482 quidhoc
1638 1434 1816 1473 Wesen-

1120 1485 1226 1537 berg
1245 1485 1333 1524 and
1355 1487 1514 1527 others.

1066 1548 1224 1593 putes,
1249 1542 1446 1594 inquam
1461 1550 1584 1593 putes
1604 1558 1730 1596 quam
1756 1546 1803 1584 M

1066 1598 1189 1678 mihi1
1209 1627 1219 1637 .
1243 1627 1253 1637 .
1278 1628 1289 1637 .
1312 1600 1616 1640 crediderunt
1634 1600 1815 1640 omitted

986 1722 1000 1749 1
1014 1722 1029 1748 1
1064 1710 1235 1750 hirudo
1256 1712 1382 1750 trudo
1406 1712 1452 1750 M

1066 1766 1267 1806 iuvenes
1289 1773 1410 1805 tuens
1433 1768 1478 1805 M

986 1833 1033 1860 12
1067 1823 1365 1873 exspectatio
1390 1825 1636 1873 exspectatio
1659 1825 1706 1862 in
1731 1825 1776 1863 M

1662 987 1816 1026 deleret

1065 1879 1317 1917 deterioris
1360 1880 1405 1917 M
1483 1881 1731 1918 Doterionis
1773 1880 1816 1932 (a
1881 1910 1889 1920 -,

1122 1934 1352 1973 nickname
1375 1934 1422 1973 of
1450 1947 1535 1974 one
1557 1935 1605 1973 of
1634 1936 1707 1975 the
1729 1943 1814 1975 two

1120 1996 1264 2029 actors
1304 1991 1531 2043 employed
1577 2004 1623 2030 as
1664 1998 1813 2042 agents

1119 2045 1174 2099 by
1199 2046 1355 2097 Philip)
1378 2047 1532 2086 Bosius
1564 2048 1814 2097 δευτερεύ-

1117 2116 1261 2141 οντος
1286 2102 1469 2154 Seyffert

1063 2158 1202 2198 cuius
1240 2158 1370 2196 dorni
1408 2158 1634 2198 Manutius
1692 2161 1813 2197 cuius

1117 2215 1234 2252 modi
1267 2214 1312 2252 M

982 2281 1030 2322 13
1063 2269 1396 2309 insimulatum
1437 2270 1544 2321 lege
1578 2270 1716 2309 Aelia
1754 2270 1811 2308 H.

1118 2327 1171 2364 A.
1205 2326 1240 2374 J.
1276 2326 1435 2363 Munro
1495 2327 1679 2364 insimul
1715 2340 1809 2364 cum

1117 2383 1201 2433 lege
1220 2382 1308 2419 alia
1333 2379 1409 2418 Ml.
1472 2382 1553 2420 See
1583 2382 1811 2420 Commen-

1118 2443 1186 2476 tar
1217 2466 1224 2474 .

1063 2450 1223 2532 fabarii
1265 2492 1468 2531 mimum
1511 2494 1556 2530 M
1629 2494 1806 2531 Famam

1116 2550 1297 2588 mimum
1333 2549 1464 2587 Orelli
1509 2549 1641 2599 fabae
1669 2549 1807 2586 lzilum

1119 2604 1349 2642 Hofmann
1413 2606 1591 2642 mimum
1634 2605 1810 2643 Wesen-

1116 2660 1220 2711 berg
1269 2661 1400 2712 fabae
1437 2661 1590 2706 μνοῦν
1631 2659 1811 2711 Madvig

1103 2717 1234 2768 fabae
1273 2717 1431 2753 midam
1476 2716 1653 2767 Tyrrell.
1728 2716 1807 2754 See

1117 2772 1436 2823 Commentary.

1059 2839 1155 2866 non
1176 2827 1313 2866 flocci
1345 2827 1536 2865 facteon
1568 2826 1809 2866 Cratander

1116 2897 1222 2921 none
1241 2884 1323 2921 loci
1330 2884 1501 2933 fac-teon
1526 2883 1571 2921 M

981 2949 1027 2991 15
1063 2939 1278 2978 Lucullis
1312 2939 1468 2976 Bosius
1526 2939 1737 2976 Lucullus
1760 2939 1806 2976 M

1060 2996 1235 3045 poema
1248 2999 1415 3044 poetam
1443 2992 1507 3031 Ml

980 3061 1024 3098 17
1059 3051 1106 3088 in
1128 3050 1232 3088 loco
1255 3050 1343 3087 inlo
1367 3049 1413 3087 M
