2067 3332
244 181 326 222 296

327 320 387 359 ad
417 326 635 359 nostram
667 320 749 358 GR
807 325 856 357 ut
883 325 1069 357 nostram

387 376 431 413 M

273 442 297 483 3
326 430 454 470 flecti
477 430 694 469 Victorius
752 431 884 481 effecti
909 431 955 468 M
1013 431 1074 468 de-

372 487 492 537 flecti
512 487 552 525 G

328 542 630 580 demonstras
649 543 940 580 demonstrans
963 542 1007 578 M

273 608 298 646 4
329 598 569 648 quoddam
590 598 768 648 quodam
796 597 841 635 M

329 653 376 692 in
397 652 616 704 legendo,
633 659 679 691 te
704 652 934 703 scriptore
956 651 1073 702 (-rem

385 708 457 758 G),
503 714 666 747 tenere
723 708 804 746 GR
858 709 904 745 in
944 708 1070 758 legem

384 765 474 802 dote
493 765 647 813 scripto
669 764 846 801 retinere
869 764 914 801 M

279 828 301 873 5
334 819 472 859 evelli
497 820 664 871 Kayser
720 819 901 856 avelliss

330 874 648 915 Themistocli
689 874 804 925 fuga
850 874 1073 924 exituque

385 932 553 983 Kayser
638 931 679 968 T
672 930 778 967 leem.
816 930 930 981 fuga
972 931 1076 968 redi-

383 993 510 1038 tuque
533 986 578 1024 M
647 987 687 1024 T
680 986 787 1023 leem.
823 986 972 1023 exsilio
1001 991 1078 1023 aut

385 1042 622 1081 Alcibiadis
685 1042 798 1092 fuga
857 1041 1076 1091 redituque

388 1098 548 1138 Schutz
614 1098 656 1136 T
648 1098 755 1136 leem.
783 1097 910 1148 fuga,
938 1098 1074 1135 Corio-

384 1155 481 1193 lani
496 1154 609 1204 fuga
642 1153 862 1203 redituque
897 1152 1076 1204 Tyrrell.

388 1210 469 1249 See
493 1209 816 1259 Commentary.

331 1265 530 1306 notabili
552 1264 591 1303 G
648 1264 822 1302 votabz'li
844 1264 934 1301 MR

276 1323 302 1363 6
330 1324 421 1362 hac
445 1321 483 1358 R
541 1320 638 1358 lzaec
662 1320 707 1357 M

332 1389 441 1417 cum
467 1376 533 1427 (or
554 1375 717 1426 quom)
742 1388 869 1426 quam
891 1376 923 1412 Ω

330 1434 410 1486 qui
432 1432 544 1484 quid
567 1433 600 1469 Σ
658 1431 766 1482 quid
785 1430 831 1468 M
879 1430 1084 1480 quicquid

277 1557 297 1596 7
332 1549 580 1596 superstes
615 1540 931 1581 Mendelssohn
989 1546 1079 1590 spa-

385 1603 503 1639 tiates
516 1601 547 1637 Ω
603 1599 824 1648 spartiates
841 1598 873 1634 Σ
931 1601 1079 1646 specta-

386 1656 480 1694 bilis
504 1654 704 1694 Schmalz

335 1712 534 1762 Sigeum
556 1711 739 1760 Szgretmn
762 1710 793 1746 Ω

275 1766 299 1806 8
332 1768 587 1818 quicquam
610 1766 777 1816 quicum
800 1765 832 1802 Ω

333 1824 374 1862 Si
396 1822 508 1873 quid
529 1823 567 1859 si
586 1821 699 1872 qnod
715 1822 746 1857 Ω

278 1890 303 1930 9
333 1879 504 1917 mirere
529 1877 567 1914 R
612 1889 770 1913 merere
793 1875 838 1913 M
889 1887 1021 1912 meres
1039 1873 1078 1912 G

377 2003 463 2044 ΕΡ.
490 2001 611 2043 ΧΙΧ
633 2001 793 2058 (Fam.
821 2009 859 2051 7.
891 1999 938 2056 Ι)

282 2119 296 2145 1
333 2107 380 2146 in
403 2107 482 2145 illo
506 2106 666 2145 Sch'utz
721 2118 774 2144 ex
795 2105 868 2142 illo
889 2105 920 2141 Ω

334 2163 492 2202 sinum
518 2163 629 2200 Boot
646 2160 733 2199 and
758 2159 978 2208 Kiessling
1025 2172 1078 2197 se-

389 2231 490 2256 num
513 2218 558 2255 M
618 2217 834 2254 llffisenum
860 2214 1007 2253 others

279 2286 300 2312 2
334 2285 561 2313 scaenam
586 2273 623 2310 R
681 2284 822 2309 cenam
851 2270 940 2308 MG

334 2330 414 2380 qui
437 2340 496 2367 ne
521 2329 559 2367 G
618 2328 725 2378 quid
743 2340 794 2364 ne
818 2327 906 2364 MR

278 2397 303 2433 4
335 2396 445 2424 cum
469 2390 514 2422 et
539 2383 584 2421 M
643 2396 736 2421 cum
762 2382 843 2420 GR

334 2439 532 2479 ambitio
553 2439 676 2477 abitio
693 2438 737 2475 M
779 2437 978 2475 habitatio
997 2435 1078 2474 GR

282 2506 303 2548 5
334 2502 379 2534 te
404 2496 563 2546 ipsum
585 2499 625 2532 et
641 2495 776 2543 ipsum
800 2494 831 2530 Ω

334 2551 415 2602 qui
455 2550 632 2589 multos
676 2549 784 2599 quid
827 2547 981 2584 multos
1031 2546 1077 2584 M

389 2606 502 2657 quod
518 2607 668 2644 multos
691 2604 773 2643 GR

317 2730 401 2772 Ep.
428 2731 519 2771 XX
547 2729 716 2787 (er.
745 2739 785 2770 2.
811 2739 839 2782 9
866 2727 1014 2784 [11])

281 2847 304 2887 3
336 2847 363 2874 a
406 2834 718 2886 Magnetibus
769 2831 987 2870 Victorius
1053 2843 1078 2867 a

391 2904 498 2941 mag.
525 2891 569 2928 M

283 2956 307 2993 4
339 2956 448 2984 cum
474 2944 664 2983 veneris
698 2972 707 2981 .
742 2972 751 2981 .
786 2972 794 2981 .
830 2943 1000 2982 Virum
1034 2941 1078 2978 F.
1124 2956 1125 2990 ᾗ

394 3002 531 3039 Marx.
593 3001 677 3038 For
699 2999 770 3036 the
794 3003 906 3036 most
929 2998 1080 3047 impor-
1124 2994 1125 3042 1

390 3061 483 3094 tant
514 3055 782 3105 conjectures
805 3065 860 3090 on
883 3053 966 3090 this
988 3064 1080 3102 pas-

393 3123 506 3162 sage,
529 3123 600 3149 see
628 3109 802 3161 Tyrrell.

783 179 1079 219 CRITICAL
1120 181 1452 219 APPENDIX.

1287 319 1373 360 EP.
1400 318 1517 360 XXI
1555 319 1716 375 (Fam.
1743 328 1782 371 7.
1811 321 1861 377 5)

1193 435 1206 461 1
1244 430 1488 474 sperasset
1514 424 1551 461 R
1607 429 1752 473 speras
1770 425 1845 462 sed
1862 424 1952 464 MG

1190 491 1210 517 2
1246 480 1313 517 Μ.
1333 479 1508 518 Iteium
1528 478 1842 518 Mendelssohn
1863 483 1988 530 (com-

1298 534 1451 585 paring
1484 535 1744 573 VVilmann's
1775 536 1988 585 Exempla

1298 603 1368 628 no.
1389 590 1512 641 2017)
1538 591 1601 628 M.
1619 590 1802 641 itfiuium
1828 591 1872 628 M
1932 591 1989 629 id-

1285 645 1449 696 fim'um
1478 646 1515 683 R
1573 647 1622 684 ia'
1635 647 1802 698 funum
1829 647 1868 685 G
1925 647 1988 684 M.

1298 701 1463 753 Rufum
1491 701 1649 740 Schijtz

1244 757 1357 807 quid
1380 759 1412 794 Σ
1471 758 1586 807 quod
1600 758 1632 794 Ω

1191 824 1213 864 3
1246 812 1554 863 scripsissem
1575 813 1789 862 scripsisse
1810 813 1856 850 M

1246 868 1477 919 singulari
1500 868 1582 906 GR
1638 869 1879 918 singularis
1901 869 1947 906 M

1245 923 1556 974 putidiusculi
1584 923 1630 961 M
1687 924 1991 973 impudentius-

1299 981 1388 1017 culi
1407 979 1653 1030 commonly
1673 978 1841 1029 printed

1246 1047 1537 1086 quamquam
1562 1034 1735 1073 Ernesti
1791 1048 1917 1085 quam
1943 1035 1988 1072 M

1186 1160 1273 1202 Ep.
1301 1159 1445 1201 XXII
1477 1157 1967 1217 (Q.sr.2.15[16])

1195 1277 1210 1304 1
1247 1265 1443 1316 paulum
1475 1264 1669 1316 quidem
1702 1263 1837 1303 Orelli
1883 1269 1992 1314 pau-

1302 1322 1391 1359 lum
1417 1321 1462 1359 M

1247 1376 1499 1427 propensis
1524 1373 1793 1426 Wesenberg
1847 1388 1873 1412 a
1893 1380 1992 1425 pro-

1293 1433 1439 1481 pensis
1463 1431 1508 1469 M

1249 1494 1295 1526 et
1309 1487 1521 1526 colamur
1541 1485 1766 1525 Manutius
1823 1499 1875 1524 ex
1890 1486 1992 1523 cola-

1302 1557 1403 1581 mur
1427 1543 1470 1580 M

1194 1611 1216 1650 3
1249 1610 1379 1636 eram
1404 1596 1639 1635 Lambinus
1696 1597 1869 1635 aderam
1894 1597 1939 1634 M

1248 1655 1425 1692 factam
1449 1653 1656 1691 Biicheler
1712 1658 1846 1690 actam
1872 1653 1917 1690 M

1195 1720 1216 1762 5
1247 1710 1426 1749 utimur
1468 1709 1513 1746 M
1571 1709 1708 1746 utitur
1745 1707 1992 1760 commonly

1302 1763 1483 1815 printed.
1540 1763 1620 1802 See
1644 1763 1963 1815 Commentary.

1218 1891 1303 1932 ΕΡ.
1330 1889 1504 1930 ΧΧΙΙΙ
1546 1889 1625 1946 (Q.
1648 1890 1726 1944 fr.
1753 1899 1795 1942 3.
1824 1899 1863 1942 5,
1889 1886 1940 1945 6)

1198 2007 1212 2033 Ι
1249 1995 1550 2045 sactisfacilis
1572 1991 1638 2031 Μ1
1683 1994 1775 2044 feci
1796 1991 1863 2030 M2

1249 2057 1322 2089 est
1346 2063 1371 2088 a
1395 2061 1470 2088 me
1491 2055 1552 2087 est
1569 2054 1708 2087 tamen
1732 2048 1778 2086 M

1251 2107 1302 2144 P.
1329 2105 1478 2144 Rutili
1501 2104 1681 2142 omitted
1707 2104 1751 2141 M

1249 2174 1304 2200 ea
1328 2191 1337 2199 .
1363 2190 1372 2199 .
1399 2190 1409 2198 .
1435 2171 1540 2198 esse
1582 2172 1713 2210 marg.
1771 2172 1818 2197 ea
1852 2160 1989 2196 visum

1302 2216 1485 2266 mirifica
1506 2229 1587 2253 esse
1609 2213 1674 2253 Ml
1730 2228 1777 2252 ea
1801 2215 1896 2252 visu
1917 2215 1992 2251 mi-

1303 2272 1420 2322 rifica
1443 2285 1524 2310 esse
1548 2269 1612 2309 Μ2

1248 2327 1330 2379 qui
1352 2333 1515 2365 essent
1558 2324 1827 2376 Wesenberg
1882 2324 1995 2375 quod

1302 2388 1405 2421 esset
1435 2383 1480 2420 M
1541 2380 1756 2420 defended
1790 2380 1845 2432 by
1887 2379 1992 2417 Leh-

1303 2451 1448 2484 mann,
1475 2437 1641 2485 Quaest.
1673 2437 1784 2474 Tull.
1808 2449 1848 2486 p.
1871 2445 1935 2486 35.

1194 2506 1215 2533 2
1249 2493 1509 2534 commovit
1532 2504 1607 2531 me
1636 2492 1840 2530 commovi
1858 2504 1922 2528 me
1945 2490 1990 2528 M

1249 2550 1439 2588 relictos
1463 2560 1595 2598 marg.
1656 2547 1834 2584 redditos
1857 2546 1902 2584 M

1195 2618 1217 2657 3
1248 2604 1528 2656 perscripsti
1588 2601 1822 2641 Buecheler
1896 2606 1992 2650 per-

1302 2662 1473 2710 scripsit
1493 2660 1538 2698 M

1248 2723 1495 2767 tamquam
1520 2713 1663 2752 Baiter
1719 2725 1845 2763 quam
1871 2711 1917 2750 M

1194 2784 1218 2820 4
1249 2769 1551 2813 Διατυπώσ-εις
1575 2768 1809 2807 Buecheler
1867 2767 1991 2805 AM-

1305 2827 1502 2865 ΠΩΕΙΣ
1554 2825 1599 2863 Μ
1686 2823 1958 2870 ἀμπώτεις

1307 2882 1549 2921 Cratander

1249 2939 1453 2976 debebat
1478 2935 1701 2975 Manutius
1759 2934 1870 2972 debet
1890 2932 1935 2970 M

1198 3005 1217 3044 5
1250 3000 1300 3032 ut
1323 3000 1438 3043 puto
1461 2998 1508 3030 ut
1526 3005 1590 3029 me
1601 2996 1707 3041 puto
1729 2990 1774 3028 M

1249 3049 1468 3086 viderunt
1489 3045 1756 3096 Wesenberg
1802 3043 1994 3082 viderent
