2067 3332
1761 138 1839 179 223

95 140 214 179 Fam.
237 149 274 185 4.
301 136 356 190 5.]
661 135 941 197 CICERO'S
984 137 1274 176 LETTERS.

94 278 204 351 qui,
239 277 285 328 si
314 277 440 328 istic
470 276 793 337 adfuissem,
827 292 1010 343 neque
1051 276 1155 328 tibi
1198 277 1505 328 defuissem
1548 278 1843 346 coramque

95 385 279 420 meum
309 367 555 419 dolorem
586 366 689 418 tibi
719 366 1105 419 declarassem.
1193 368 1319 419 Etsi
1360 385 1539 436 genus
1575 369 1679 420 hoc
1718 387 1841 420 con-

95 458 384 517 solationis
414 457 678 509 miserum
710 465 879 524 atque
916 458 1190 512 acerbumv
1222 466 1325 520 est,
1360 466 1654 526 propterea
1696 460 1837 526 quia,

93 566 191 617 per
218 566 356 617 quos
397 565 461 599 ea
500 547 728 600 confieri
770 531 936 598 debet
980 548 1322 616 propinquos
1364 566 1428 601 ac
1468 549 1771 622 familiaris,
1805 550 1841 600 ii

93 639 199 707 ipsi
229 639 346 706 pari
375 638 632 690 molestia
664 637 1002 689 adficiuntur
1040 655 1222 706 neque
1263 639 1385 691 sine
1426 639 1666 692 lacrimis
1708 640 1842 691 mul-

93 730 166 782 tis
197 730 252 781 id
281 729 469 782 conari
507 736 760 796 possunt,
793 729 875 780 uti
919 728 1096 796 magis
1140 729 1246 796 ipsi
1274 730 1570 781 videantur
1609 730 1840 782 aliorum

93 820 476 873 consolatione
521 820 772 887 indigere
813 837 977 887 quam
1023 819 1144 870 aliis
1185 837 1353 887 posse
1396 838 1557 872 suum
1600 821 1840 880 officium

93 919 393 979 praestare,
437 918 642 972 tamen,
676 926 819 977 quae
860 910 917 961 in
959 910 1279 977 praesentia
1320 910 1377 961 in
1419 919 1665 962 mentem
1707 912 1843 962 mihi

92 1010 368 1054 venerunt
411 1001 632 1053 decrevi
673 1000 829 1053 brevi
869 1001 938 1052 ad
981 1008 1038 1052 te
1080 1001 1442 1068 perscribere,
1476 1019 1587 1053 non
1629 1019 1736 1070 quo
1779 1019 1844 1053 ea

93 1100 150 1144 te
192 1093 389 1160 fugere
437 1092 771 1153 existimem,
817 1092 915 1143 sed
958 1093 1106 1160 quod
1155 1092 1393 1143 forsitan
1441 1092 1629 1144 dolore
1676 1093 1843 1160 impe-

93 1183 245 1235 ditus
275 1183 460 1235 minus
489 1199 555 1235 ea
582 1182 904 1250 perspicias,
990 1183 1141 1250 Quid
1185 1190 1270 1234 est
1300 1183 1448 1250 quod
1486 1190 1645 1234 tanto
1675 1200 1842 1250 opere

92 1282 149 1326 te
192 1281 537 1327 commoveat
580 1281 711 1325 tuus
754 1273 909 1325 dolor
963 1273 1309 1325 intestinus?
1410 1273 1611 1341 Cogita
1658 1291 1842 1342 quem-

92 1366 389 1417 admodum
447 1365 628 1417 adhuc
682 1364 912 1415 fortuna
959 1364 1249 1416 nobiscum
1294 1365 1511 1432 egerit:
1568 1382 1634 1416 ea
1681 1365 1842 1417 nobis

92 1464 285 1524 erepta
339 1473 465 1508 esse
518 1472 660 1524 quae
709 1455 1028 1507 hominibus
1078 1472 1191 1507 non
1240 1455 1424 1506 minus
1471 1473 1633 1523 quam
1683 1456 1843 1508 liberi

92 1568 218 1603 cara
278 1567 402 1602 esse
469 1550 695 1611 debent,
766 1549 1001 1616 patriam
1077 1549 1434 1601 honestatem
1509 1550 1839 1617 dignitatem

67 1641 332 1693 ⁸honores
375 1641 576 1693 omnis,
663 1641 791 1692 Hoc
834 1657 944 1691 uno
988 1640 1340 1691 incommodo
1383 1640 1571 1692 addito
1601 1641 1732 1708 quid
1773 1642 1841 1692 ad

92 1732 338 1785 dolorem
381 1731 610 1800 adiungi
652 1731 873 1799 potuit?
944 1730 1065 1782 Aut
1115 1731 1210 1798 qui
1252 1748 1364 1782 non
1415 1731 1471 1782 in
1519 1731 1625 1782 illis
1675 1733 1841 1783 rebus

93 1823 430 1876 exercitatus
460 1823 679 1874 animus
710 1822 909 1874 callere
938 1822 1045 1873 iam
1070 1822 1236 1873 debet
1266 1830 1433 1889 atque
1462 1822 1648 1873 omnia
1670 1822 1840 1873 mino-

92 1914 167 1966 ris
209 1902 565 1966 existimare?
648 1913 743 1964 An
787 1913 933 1964 illius
976 1913 1171 1974 vicem,
1204 1913 1384 1974 credO,
1416 1913 1609 1964 doles?
1694 1914 1841 1981 Quo-

94 2061 174 2113 Ep.
214 2062 261 2100 L.
300 2073 315 2100 1
353 2061 596 2100 n.—istie
630 2060 922 2100 adfuissem:

93 2118 332 2169 pleonastic
362 2117 432 2156 for
460 2116 924 2169 adfuissem.—-istic:

92 2175 154 2212 τῖε.
169 2173 209 2211 in
229 2174 350 2225 Italy.
395 2173 569 2213 Servius
581 2185 668 2212 was
682 2172 725 2210 in
742 2172 924 2210 Athens.

93 2230 393 2268 —rniserum
416 2236 559 2280 atque
582 2229 831 2268 acerbum:
854 2240 925 2266 see

88 2286 283 2334 graviter
303 2287 556 2336 molesteque,
580 2284 926 2323 above.—con-

95 2341 223 2379 fieri:
257 2341 490 2392 colloquial
519 2340 633 2379 from
663 2347 748 2379 two
780 2339 925 2390 points

96 2396 143 2434 of
187 2396 316 2435 view:
356 2396 472 2447 (1)it
513 2396 548 2435 is
591 2395 697 2435 used
738 2395 808 2434 for
850 2395 926 2434 the

95 2451 248 2503 simple
268 2451 496 2503 verbfieri.
559 2453 737 2497 Lorenz,
758 2450 924 2490 Introd.

95 2514 140 2545 to
163 2509 314 2546 Pseud.
339 2520 378 2545 n.
406 2507 471 2559 36,
493 2521 616 2560 says:
650 2513 659 2529 ‘
676 2508 724 2545 In
752 2507 924 2558 general

95 2563 367 2614 compouncls
398 2563 498 2601 with
532 2577 606 2602 con
640 2576 710 2601 are
740 2563 925 2614 popular

95 2619 364 2669 throughout
388 2619 460 2658 the
487 2618 560 2657 old
591 2619 728 2657 comic
759 2625 923 2670 poetry‚

95 2674 180 2713 and
220 2681 337 2713 must
382 2675 492 2714 have
542 2674 650 2714 been
691 2675 925 2726 extremely

95 2742 297 2769 common
319 2731 360 2768 in
384 2731 456 2769 the
482 2731 648 2768 Roman
671 2731 819 2779 vulgar
841 2730 925 2768 lan-

94 2798 236 2836 guage
268 2786 314 2824 of
349 2786 444 2824 that
476 2786 571 2838 day.
633 2786 727 2824 The
759 2787 847 2823 loss
879 2784 926 2823 of

93 2841 214 2880 force
231 2841 368 2879 which
388 2841 461 2880 the
482 2841 748 2892 preposition
769 2840 924 2880 suffers

94 2897 137 2935 in
159 2894 467 2949 almostsevery
487 2910 586 2936 case
608 2896 731 2935 bears
754 2897 925 2946 witness

96 2958 141 2991 to
171 2953 256 2991 this
276 2952 364 2990 fact
381 2952 408 2999 ’;
434 2953 492 3004 (2)
514 2954 647 3005 facio,
669 2952 793 2991 when
815 2964 927 2990 com-

95 3007 300 3058 pounded
332 3008 432 3046 with
469 3021 494 3046 a
533 3008 815 3059 preposition,
848 3007 925 3045 has

95 3063 179 3113 fici
212 3063 282 3102 for
316 3063 370 3102 its
406 3063 576 3113 passive
611 3063 737 3101 form.
811 3063 924 3101 Such

1012 2060 1150 2098 forms
1187 2072 1235 2099 as
1267 2060 1441 2111 confieri
1475 2059 1560 2098 and
1595 2060 1740 2110 defieri
1771 2059 1842 2098 for

1012 2116 1160 2166 confici
1178 2115 1263 2153 and
1286 2116 1406 2167 defici
1423 2128 1494 2154 are
1515 2115 1653 2154 found
1675 2116 1776 2168 only
1796 2115 1839 2154 in

1013 2171 1245 2222 colloquial
1267 2171 1353 2210 and
1375 2172 1543 2210 archaic
1560 2172 1695 2209 Latin.
1757 2171 1840 2217 Cf„

1011 2241 1097 2278 eg„
1124 2227 1260 2265 Plaut.
1286 2228 1406 2265 Trz'n.
1423 2227 1519 2275 4083
1550 2228 1613 2264 M.
1641 2228 1688 2265 G.
1711 2226 1840 2276 12613

1013 2282 1099 2321 and
1128 2282 1399 2327 Thielmann,
1422 2284 1490 2320 De
1519 2284 1724 2321 sermonis
1744 2289 1842 2332 pro-

1003 2339 1256 2389 prietatibus
1309 2341 1356 2376 in
1403 2340 1565 2388 primis
1629 2340 1840 2377 Ciceronis

1011 2396 1146 2440 libris,
1168 2405 1230 2446 52.
1244 2418 1297 2422 —
1312 2394 1608 2445 propinquos
1626 2405 1682 2433 ae
1699 2393 1840 2433 fami-

1011 2450 1143 2489 liaris
1167 2465 1176 2489 z
1227 2449 1281 2489 cf.
1334 2451 1532 2500 graviter
1583 2450 1838 2501 molesteque,

1010 2505 1162 2545 above.
1243 2505 1338 2544 The
1379 2504 1520 2545 words
1561 2504 1724 2557 quoted
1768 2518 1840 2544 are

1011 2561 1179 2601 throvvn
1214 2561 1256 2600 in
1299 2561 1476 2613 loosely‚
1508 2573 1555 2599 as
1584 2573 1636 2599 an
1673 2561 1841 2611 apposi-

1011 2617 1097 2656 tive
1130 2624 1176 2656 to
1206 2616 1721 2669 quos.—perspicias:
1766 2617 1839 2655 the

1012 2673 1143 2712 mood
1173 2673 1209 2711 is
1241 2672 1508 2711 determined
1543 2672 1597 2724 by
1622 2672 1837 2711 forsitan.

1070 2741 1106 2767 2.
1138 2729 1247 2780 qui:
1279 2729 1332 2767 cf.
1367 2729 1469 2766 Intr.
1493 2727 1838 2767 81.—minoris

1013 2785 1306 2824 existimare:
1347 2786 1592 2822 existimare
1612 2783 1698 2830 (for
1722 2786 1840 2822 aesti-

1012 2842 1147 2891 mare)
1178 2840 1278 2878 with
1315 2839 1386 2878 the
1422 2839 1609 2890 genitive
1641 2839 1676 2877 is
1712 2839 1840 2878 collo-

1013 2897 1141 2947 quial.
1208 2895 1275 2933 Cf.
1309 2895 1445 2933 Plaut.
1480 2896 1593 2944 Copt.
1623 2894 1702 2933 682
1735 2896 1836 2933 dum

1013 2965 1064 2990 ne
1085 2952 1130 2989 ob
1151 2951 1374 3002 malefacta
1387 2956 1575 3000 peream,
1592 2952 1730 3001 parvi
1754 2951 1839 2988 exi-

1012 3013 1149 3045 stumo
1165 3020 1180 3052 ,·
1219 3006 1337 3045 Suet.
1370 3007 1407 3043 A
1415 3019 1481 3055 ug.
1510 3017 1563 3053 40
1589 3007 1738 3055 magni
1755 3008 1839 3044 exi-

1013 3063 1205 3100 stimans.
1268 3061 1334 3099 Cf.
1357 3061 1450 3100 also
1481 3062 1583 3099 Intr.
1607 3061 1671 3109 78.
