2067 3332
68 138 153 176 Att.
182 148 213 174 1.
242 136 323 187 17.]
637 135 916 174 CICERO'S
959 136 1250 176 LETTERS.

67 275 446 338 concordiam;
481 276 577 326 sed
607 282 812 336 tamen,
846 275 1108 342 quoniam
1139 277 1247 327 ista
1276 284 1406 327 sunt
1435 285 1549 327 tam
1580 275 1812 338 infirma,

67 366 316 418 munitur
334 367 604 433 quaedam
629 366 790 417 nobis
814 366 882 416 ad
905 366 1226 418 retinendas
1257 384 1391 434 opes
1421 374 1642 418 nostras
1673 374 1811 428 tuta,

66 465 127 508 ut
159 474 336 524 sperO,
369 456 457 507 via
486 474 651 524 quam
682 456 785 507 tibi
814 456 1016 508 litteris
1049 457 1185 508 satis
1224 457 1498 524 explicare
1540 475 1652 508 non
1694 475 1814 524 pos-

66 565 205 609 sum,
239 547 647 615 significatione
689 564 858 614 parva
899 549 1190 599 ostendam
1233 556 1448 600 tamen:
1492 556 1620 600 utor
1660 549 1814 600 Pom-

65 639 190 706 peio
223 637 670 690 familiarissime.
756 637 938 689 Video
981 638 1113 706 quid
1156 639 1324 691 dicas,
1410 639 1634 691 Cavebo
1672 657 1813 707 quae

66 737 198 780 sunt
229 729 489 790 cavenda,
523 746 586 780 ac
626 729 864 780 scribam
906 728 1041 780 alias
1071 730 1139 780 ad
1181 737 1238 780 te
1272 730 1341 781 de
1384 730 1522 781 meis
1566 731 1813 782 consiliis

66 820 442 887 capessendae
481 819 560 870 rei
601 819 858 886 publicae
899 819 1070 886 plura.
1158 820 1462 872 Lucceium
1506 821 1646 872 scito
1689 839 1813 872 con-

66 911 308 962 sulatum
339 911 543 961 habere
573 910 629 960 in
660 910 845 961 animo
876 910 1065 961 statim
1107 918 1298 978 petere
1312 928 1323 973 ;
1365 912 1474 962 duo
1517 911 1666 962 enim
1711 912 1813 962 soli

65 1002 327 1053 dicuntur
364 1000 621 1068 petituri:
665 1000 1117 1053 Caesar—cum
1160 1019 1224 1052 eo
1265 1001 1412 1053 coire
1455 1019 1554 1069 per
1583 1002 1812 1053 Arrium

66 1092 439 1160 cogitat—et
484 1092 953 1144 Bibulus—cum
998 1092 1102 1144 hoc
1142 1110 1201 1144 55
1243 1100 1402 1159 putat
1444 1110 1542 1159 per
1572 1093 1632 1145 C.
1668 1093 1813 1144 Piso-

66 1201 193 1234 nem
223 1200 389 1251 posse
419 1183 701 1250 coniungi.
782 1183 955 1234 Rides
982 1183 999 1233 ?
1071 1184 1200 1234 Non
1232 1191 1363 1234 sunt
1397 1184 1534 1235 haec
1565 1184 1809 1245 ridicula,

66 1274 202 1325 mihi
239 1275 416 1326 crede.
505 1273 657 1341 Quid
699 1273 847 1324 aliud
890 1273 1129 1325 scribam
1172 1275 1240 1324 ad
1282 1282 1354 1335 te,
1388 1274 1559 1342 quid?
1632 1275 1815 1325 Multa

66 1372 214 1426 sunt,
242 1365 340 1416 sed
370 1364 427 1415 in
455 1364 604 1416 aliud
634 1372 874 1432 tempus,
938 1365 999 1416 Si
1029 1373 1353 1432 exspectare
1382 1365 1535 1427 veliS,
1563 1383 1722 1416 cures
1753 1374 1811 1416 ut

67 1456 254 1508 sciam.
340 1456 457 1507 Iam
488 1455 622 1507 illud
653 1456 906 1507 modeste
935 1473 1070 1523 rogo
1100 1456 1248 1523 quod
1279 1456 1516 1507 maxime
1547 1456 1724 1523 cupi0‚
1752 1464 1812 1508 ut

67 1564 231 1615 quam
261 1546 501 1614 primum
531 1546 742 1598 venias,
829 1547 1009 1598 Nonis
1042 1547 1464 1599 Decembribus,

126 1691 187 1720 10.
222 1680 547 1720 concordiam:
586 1679 639 1718 cf.
673 1681 899 1719 coniuncti-

66 1749 153 1783 one,
186 1736 266 1787 Ep.
299 1737 351 1774 V.
378 1736 780 1787 6n.—quaedarn
814 1765 824 1774 .
851 1766 860 1775 .
886 1766 896 1775 .

67 1799 170 1832 tuta
186 1821 197 1831 .
215 1821 224 1831 .
244 1821 254 1831 .
272 1792 368 1831 via:
386 1793 429 1831 in
447 1805 653 1843 response
671 1798 716 1830 to
731 1805 755 1830 a
769 1804 899 1830 warn-

65 1848 140 1900 ing
167 1848 281 1887 from
310 1848 496 1894 Atticus,
520 1848 673 1887 Cicero
705 1848 899 1899 explains

67 1904 133 1943 his
154 1904 345 1955 political
365 1905 490 1955 plans
511 1904 553 1942 in
577 1905 660 1942 Att.
686 1915 721 1942 2.
745 1915 777 1942 1.
796 1903 833 1950 6,
851 1917 899 1943 as

66 1960 255 1999 follows:
279 1974 363 1999 non
386 1966 434 1999 ut
449 1972 519 2011 ego
538 1961 588 1998 de
607 1961 801 2010 optimati
819 1961 898 1998 illa

67 2030 158 2056 mea
189 2018 351 2055 ratione
375 2017 621 2062 decederem,
644 2017 718 2054 sed
748 2021 797 2055 ut
827 2017 900 2054 ille

71 2072 332 2124 (Pompeius)
356 2078 458 2110 esset
486 2073 637 2111 melior
665 2077 706 2110 et
731 2072 904 2123 aliquid

69 2129 119 2166 de
130 2129 343 2179 populari
361 2129 529 2166 levitate
553 2128 783 2177 deponeret.
827 2128 898 2166 He

67 2183 146 2223 has
176 2184 314 2235 hopes
345 2196 452 2222 even
487 2183 534 2222 of
569 2183 760 2222 Caesar:
796 2184 905 2234 quid

67 2241 106 2277 si
133 2242 258 2278 etiam
288 2241 507 2278 Caesarem
533 2269 541 2277 .
567 2269 575 2277 .
600 2269 608 2277 .
630 2240 758 2279 reddo
789 2241 901 2278 meli-

67 2308 192 2334 orem.

127 2362 189 2389 11.
224 2351 504 2391 Lucceium:
534 2351 588 2390 cf.
610 2350 706 2390 intr.
730 2357 832 2390 note
854 2357 900 2389 to

69 2407 147 2458 Ep.
165 2407 339 2446 XVIII.
361 2407 515 2446 Cicero
530 2407 566 2446 is
580 2407 750 2458 writing
764 2407 811 2445 of
827 2407 900 2446 the

68 2463 276 2502 electioris
303 2463 441 2502 which
473 2462 617 2502 would
648 2462 749 2501 take
779 2463 900 2514 place

67 2518 108 2557 in
133 2518 415 2558 midsummer
442 2518 488 2557 of
517 2518 570 2558 60
594 2529 676 2557 B.C.
737 2519 900 2557 Caesar

68 2574 195 2613 allied
227 2574 402 2613 himself
432 2575 533 2613 with
567 2574 789 2619 Lucceius,
822 2574 900 2613 but

68 2629 141 2669 the
171 2630 417 2681 Optimates
447 2631 646 2682 partially
665 2630 901 2669 frustrated

68 2685 140 2724 the
180 2686 475 2724 combination
516 2685 571 2738 by
602 2686 675 2725 the
715 2687 898 2725 election

69 2741 115 2779 of
148 2741 326 2780 Bibulus
358 2755 405 2781 as
438 2742 636 2781 Caesar's
662 2743 896 2792 colleague.

69 2808 246 2836 —cum
280 2809 363 2837 eo:
404 2799 465 2835 i.e.
500 2797 743 2836 Caesar.-—
765 2798 897 2836 Arri-

981 1692 1082 1720 um:
1113 1693 1139 1718 a
1165 1692 1265 1718 man
1292 1679 1340 1718 of
1368 1679 1537 1719 neither
1566 1679 1714 1733 ability
1734 1693 1815 1718 nor

981 1735 1301 1787 distinguished
1323 1735 1618 1783 antecedents,
1636 1735 1713 1775 but
1735 1743 1813 1787 put

978 1791 1165 1830 forward
1205 1791 1261 1844 by
1302 1792 1487 1832 Crassus
1537 1798 1582 1831 to
1632 1799 1813 1843 support

982 1848 1155 1887 Caesar.
1173 1871 1228 1875 —
1245 1848 1438 1899 cogitat,
1463 1855 1616 1899 putat:
1639 1862 1692 1886 sc.
1709 1849 1813 1886 Luc-

980 1904 1306 1943 ceius.—cum
1347 1905 1466 1942 hoc:
1509 1906 1570 1943 z'.e.
1615 1904 1811 1951 Bibulus;

980 1959 1035 1999 cf.
1068 1961 1147 2010 Ep.
1171 1960 1275 1998 VII.
1300 1972 1320 1997 2
1350 1973 1389 1997 n.
1406 1983 1459 1987 —
1485 1961 1537 1999 C.
1564 1960 1810 1999 Pisonem:

981 2016 1031 2054 C.
1086 2015 1347 2067 Calpurnius
1409 2015 1522 2062 Piso,
1569 2016 1666 2054 who
1726 2016 1812 2054 had

979 2071 1089 2110 been
1121 2072 1273 2111 consul
1309 2072 1351 2109 111
1387 2071 1436 2121 67
1471 2081 1553 2110 B.C.
1585 2071 1671 2110 and
1705 2072 1813 2110 later

979 2140 1196 2178 governor
1231 2127 1278 2166 of
1317 2128 1459 2166 Gallia
1500 2127 1811 2174 Narbonensis,

980 2197 1068 2222 was
1104 2196 1158 2222 an
1199 2189 1388 2222 extreme
1428 2183 1621 2222 member
1651 2183 1698 2222 of
1739 2184 1811 2222 the

981 2246 1105 2292 party
1128 2239 1175 2278 of
1197 2240 1269 2278 the
1293 2239 1552 2290 Optimates,
1575 2239 1660 2278 and
1691 2252 1716 2278 a
1736 2239 1812 2277 bit-

982 2302 1047 2334 ter
1086 2308 1240 2348 enemy
1280 2295 1327 2333 of
1372 2295 1546 2341 Caesar,
1589 2295 1685 2333 who
1725 2295 1811 2333 had

980 2351 1172 2402 brought
1193 2364 1219 2389 a
1238 2351 1349 2402 legal
1371 2351 1514 2390 action
1532 2351 1701 2401 against
1722 2351 1811 2389 him

981 2420 1006 2445 a
1020 2407 1104 2445 few
1120 2419 1240 2459 years
1257 2406 1419 2446 before.
1444 2407 1515 2445 He
1532 2406 1658 2445 could
1676 2407 1812 2445 there-

979 2463 1073 2501 fore
1095 2462 1149 2502 be
1171 2462 1302 2502 relied
1324 2475 1441 2514 upon
1463 2468 1507 2500 to
1532 2476 1606 2501 use
1628 2463 1694 2501 his
1716 2462 1811 2501 best

981 2518 1133 2558 efforts
1151 2525 1196 2557 to
1216 2518 1384 2557 further
1404 2518 1478 2557 the
1500 2531 1628 2557 cause
1650 2518 1697 2556 of
1719 2518 1812 2556 Bib-

982 2575 1092 2620 ulus,
1126 2587 1242 2625 upon
1273 2574 1415 2612 whom
1450 2574 1523 2613 the
1566 2575 1811 2625 Optimates

982 2630 1183 2669 centered
1240 2630 1350 2669 their
1399 2629 1551 2668 efforts
1602 2630 1646 2668 in
1701 2630 1812 2668 their

982 2686 1174 2737 struggle
1209 2686 1377 2737 against
1419 2686 1592 2724 Caesar.
1618 2708 1674 2714 —-
1695 2686 1812 2724 mihi

984 2743 1142 2781 erede:
1166 2741 1217 2780 cf.
1242 2742 1495 2787 mihicrede,
1516 2742 1594 2792 Ep.
1615 2742 1810 2780 XXVII.

989 2809 1001 2836 1
1030 2811 1069 2836 11.

1764 134 1817 177 37

1849 840 1890 866 11
