2067 3332
184 678 200 705 Ι
222 667 228 671 .

238 207 316 247 106
804 210 1078 249 CICERO'S
1123 211 1411 251 LETTERS.
1652 212 1751 264 [Ep.
1777 214 1969 252 XXVII.

732 404 983 455 XXVII.
1045 405 1217 474 (Fam.
1260 405 1340 457 16.
1382 406 1486 472 16.)

660 548 933 598 QVINTVS
976 549 1195 589 MARCO
1239 550 1468 588 FRATRI
1512 551 1553 590 S.

312 660 399 710 De
427 659 649 721 Tirone,
682 660 756 710 mi
788 661 992 722 Marce,
1027 660 1103 712 ita
1132 668 1188 712 te
1222 677 1518 729 meumque
1554 662 1880 714 Ciceronem
1916 671 1970 714 et

233 766 410 800 meam
454 749 748 800 Tulliolam
790 758 1061 817 tuumque
1104 751 1275 801 filiurn
1317 751 1546 812 videam,
1581 760 1640 802 ut
1682 752 1814 802 mihi
1856 770 1971 819 gra-

233 839 508 890 tissimum
542 839 741 901 fecisti,
775 858 900 892 cum
944 857 1068 891 eum
1113 840 1401 908 indignum
1444 841 1534 892 illa
1574 841 1800 892 fortuna
1840 842 1971 893 iudi-

233 930 372 981 casti
426 947 489 981 ae
543 930 703 981 nobis
757 931 991 982 amicum
1041 948 1202 998 quam
1260 948 1479 982 servum
1535 948 1656 983 esse
1711 932 1966 984 maluisti.

234 1020 375 1069 Mihi
403 1020 581 1080 erede,
614 1020 727 1070 tuis
759 1028 811 1070 et
842 1020 987 1071 illius
1018 1021 1220 1071 litteris
1249 1021 1509 1088 perlectis
1540 1021 1734 1072 exsilui
1771 1022 1970 1088 gaudio

232 1117 286 1160 et
318 1110 420 1161 tibi
451 1118 505 1160 et
535 1127 639 1176 ago
675 1110 881 1176 gratias
920 1118 975 1161 et
1005 1111 1268 1177 gratulor.
1356 1110 1416 1162 Si
1459 1111 1604 1161 enirn
1648 1111 1780 1162 mihi
1823 1112 1969 1163 Stati

232 1200 468 1250 fidelitas
512 1208 595 1250 est
639 1208 828 1251 tantae
863 1201 1150 1267 voluptati,
1184 1201 1379 1268 quanti
1422 1217 1544 1252 esse
1587 1201 1639 1251 in
1685 1202 1792 1252 isto
1835 1201 1970 1254 haec

233 1290 424 1340 eadem
455 1290 602 1340 bona
624 1290 829 1340 debent
860 1290 1063 1341 additis
1095 1291 1311 1352 litteris,
1337 1291 1702 1352 sermonibUS,
1725 1291 1970 1342 humani-

231 1387 362 1440 tate,
385 1396 524 1447 quae
548 1388 677 1430 sunt
698 1380 782 1431 his
807 1380 939 1447 ipsis
961 1381 1262 1432 commodis
1279 1381 1519 1448 potiora!
1601 1381 1751 1431 Amo
1782 1389 1837 1432 te
1861 1399 1970 1432 om-

231 1470 394 1520 nibus
426 1470 679 1537 equidem
718 1471 786 1521 de
823 1471 1075 1522 maximis
1106 1472 1301 1532 causiS,
1327 1488 1519 1522 verum
1549 1471 1715 1522 etiam
1746 1479 1970 1538 propter

231 1560 388 1621 hane,
408 1560 494 1611 vel
515 1561 659 1627 quod
683 1560 815 1610 mihi
833 1561 910 1612 sie
931 1569 991 1612 ut
1010 1561 1254 1612 debuisti
1273 1561 1558 1612 nuntiasti.
1612 1562 1695 1612 Te
1713 1569 1892 1612 totum
1913 1562 1966 1612 in

230 1649 430 1701 litteris
459 1650 582 1701 vidi.
671 1650 864 1702 Sabini
897 1651 1082 1718 pueris
1114 1660 1167 1702 et
1197 1651 1423 1718 promisi
1454 1651 1638 1702 omnia
1666 1658 1721 1702 et
1749 1650 1965 1703 faciam.

729 1847 1010 1898 XXVIII.
1072 1848 1243 1917 (Fam.
1279 1860 1325 1912 7.
1368 1849 1471 1914 15.)

802 1991 1031 2031 CICERO
1073 1992 1399 2031 TREBATIO.

308 2103 489 2170 Quam
532 2103 642 2153 sint
689 2103 893 2154 morosi
937 2103 1031 2170 qui
1075 2111 1260 2154 amant
1308 2103 1395 2153 vel
1441 2119 1506 2153 ex
1555 2103 1658 2154 hoc
1713 2103 1963 2170 intellegi

229 2201 440 2260 potest:
496 2193 728 2243 moleste
776 2193 1021 2243 ferebam
1068 2201 1232 2244 antea
1274 2201 1329 2243 te
1372 2193 1607 2243 invitum
1652 2192 1775 2244 istic
1818 2209 1964 2255 esse;

229 2283 426 2350 pungit
470 2299 557 2334 me
599 2300 788 2334 rursus
832 2284 977 2350 quod
1033 2283 1228 2334 scribis
1272 2300 1394 2334 esse
1437 2291 1493 2333 te
1536 2283 1658 2334 istie
1709 2283 1960 2335 libenter.

286 2400 481 2438 XXVII.
501 2400 783 2451 Transalpine
799 2401 922 2447 Gaul,
941 2401 1054 2454 May,

233 2466 281 2507 53
305 2465 388 2493 B.C.

1142 2400 1297 2451 phrase
1319 2400 1404 2439 and
1420 2401 1537 2439 crede
1552 2401 1664 2439 milzi
1677 2413 1748 2439 are
1765 2412 1966 2439 common

1142 2457 1184 2495 in
1207 2456 1279 2495 the
1300 2455 1680 2506 correspondence.
1727 2455 1820 2494 The
1841 2456 1967 2494 latter

289 2522 321 2548 1.
355 2511 420 2549 mi
453 2512 634 2549 Marce:
668 2511 719 2549 cf.
744 2513 807 2549 mi
838 2513 1055 2561 Pomponi,

230 2567 307 2616 Ep.
344 2568 397 2604 X.
433 2579 470 2604 n.
493 2589 547 2594 —
568 2579 748 2604 meam:
793 2569 887 2617 (not
918 2568 1053 2618 tuam)

229 2628 274 2660 to
296 2621 482 2660 indicate
505 2621 571 2660 his
589 2621 791 2660 affection
814 2621 884 2660 for
901 2623 1053 2660 Tullia.

228 2677 578 2716 —Tulliolam:
614 2677 666 2715 cf.
693 2678 943 2726 pulchellus,
978 2678 1054 2728 Ep.

230 2733 280 2769 V.
309 2744 356 2770 10
387 2745 425 2769 n.
449 2732 533 2770 and
568 2733 670 2770 Intr.
695 2732 828 2781 76—
846 2733 1054 2771 amicum

276 2816 286 2825 .
322 2816 331 2825 .
364 2787 598 2826 maluisti:
635 2787 734 2826 with
767 2788 983 2826 reference
1010 2795 1053 2826 to

229 2842 369 2881 Tiro's
388 2843 711 2881 manumission.
746 2843 897 2881 Cicero
915 2856 1054 2881 seems

229 2904 274 2935 to
316 2897 426 2936 refer
466 2905 511 2936 to
554 2898 626 2936 the
675 2911 794 2936 same
845 2904 970 2936 event
1012 2899 1053 2936 in

228 2958 371 2991 nostra
404 2983 412 2991 .
438 2982 446 2990 .
471 2953 621 3004 .fient‚
660 2955 779 2992 Fam.
820 2954 879 2992 16.
918 2966 978 2993 10.
1016 2965 1051 2999 2,

227 3007 311 3045 and
333 3009 418 3046 dies
440 3010 749 3059 promissorum
782 3010 906 3053 adest,
930 3023 1048 3059 quem

224 3065 348 3101 etiam
388 3065 710 3112 repraesentalm,
747 3066 785 3101 si
819 3065 1050 3109 adveneris,

226 3118 344 3155 Fam.
366 3118 424 3156 16.
449 3130 507 3166 14·
527 3131 559 3156 2.
576 3143 624 3145 m
644 3119 758 3156 mihi
782 3120 944 3157 crede:
969 3119 1052 3157 this

1142 2524 1282 2550 seems
1322 2518 1366 2550 to
1408 2511 1459 2550 be
1497 2511 1569 2550 the
1605 2510 1849 2562 colloquial,
1880 2509 1965 2549 and

1141 2567 1253 2604 milei
1275 2568 1391 2605 crede
1414 2567 1485 2605 the
1511 2579 1630 2605 more
1650 2566 1805 2604 formal
1828 2565 1963 2604 order.

1141 2622 1386 2661 —exsilui
1429 2622 1632 2673 gaudio:
1673 2621 1715 2659 in
1756 2621 1966 2672 harmony

1142 2677 1241 2715 with
1261 2677 1333 2716 the
1348 2677 1533 2716 familiar
1550 2683 1651 2715 tone
1666 2676 1713 2715 of
1733 2676 1806 2715 the
1826 2676 1963 2714 letter.

1199 2744 1233 2770 2.
1284 2733 1428 2772 Stati:
1471 2732 1522 2771 cf.
1558 2733 1635 2782 Ep.
1668 2732 1771 2770 VII.
1808 2742 1823 2769 1
1858 2743 1965 2768 n.—

1143 2788 1210 2826 sic
1245 2817 1254 2826 .
1279 2817 1288 2826 .
1317 2817 1326 2826 .
1359 2787 1608 2827 nuntiasti:
1644 2786 1711 2825 for
1741 2786 1814 2825 the
1844 2785 1964 2824 abso-

1140 2843 1228 2881 lute
1263 2856 1336 2881 use
1368 2843 1414 2881 of
1454 2845 1613 2888 nuntio,
1647 2841 1699 2881 cf.
1732 2842 1960 2884 Ter.,Hec.

1140 2897 1232 2946 642,
1249 2899 1357 2944 bene,
1375 2900 1434 2937 ita
1457 2912 1521 2936 me
1540 2898 1587 2936 di
1604 2902 1756 2944 ament,
1773 2897 1961 2935 nuntias.

1138 2976 1193 2981 —
1211 2954 1392 2992 Sabini:
1426 2953 1653 2992 unknown.

1196 3009 1413 3046 XXVIII.
1439 3009 1589 3053 Rome,
1612 3009 1735 3056 June,
1758 3018 1806 3059 53
1830 3016 1912 3044 ΒΕ.

1199 3076 1230 3101 1.
1292 3076 1434 3114 quam
1495 3063 1589 3102 sint
1649 3062 1824 3101 morosi
1882 3060 1962 3112 qui

1140 3126 1328 3157 amant:
1372 3118 1533 3157 Bo'ckel
1574 3117 1791 3156 considers
1823 3116 1907 3155 this
1939 3128 1961 3154 a
