2067 3332
66 119 184 156 Fam.
213 127 273 170 15.
296 116 355 169 4.]
628 116 906 157 CICERO'S
950 117 1239 156 LETTERS.
1737 118 1812 159 131

66 256 213 308 inest
252 256 435 324 aliqua
471 256 554 308 vis
592 255 833 307 desideri
870 257 937 307 ad
981 258 1288 308 sanandum
1319 257 1521 309 vulnus
1564 258 1810 319 iniuriae,

65 355 126 399 ut
155 347 345 398 faveas
376 347 705 414 adiutorque
735 347 829 408 siS,
862 348 1009 415 quod
1045 348 1207 414 paulo
1247 355 1378 399 ante
1420 365 1508 399 me
1551 366 1812 416 negaram

64 445 404 505 rogaturum,
436 439 802 489 vehementer
830 445 887 488 te
917 455 1067 505 rog0,
1095 439 1193 490 sed
1223 439 1314 501 ita,
1349 438 1396 490 si
1426 457 1536 490 non
1568 439 1813 491 ieiunum

65 528 170 580 hoc
199 528 390 580 nescio
426 528 557 596 quid
587 529 733 596 quod
764 545 867 596 ego
897 529 1049 596 gessi
1079 536 1133 580 et
1165 531 1638 594 contemnendum
1669 530 1814 582 vide-

64 618 229 680 bitur,
264 619 360 670 sed
404 619 512 670 tale
551 626 717 686 atque
748 626 967 670 tantum
998 626 1058 670 ut
1088 619 1248 670 multi
1285 637 1633 688 nequaquam
1677 622 1813 688 pari-

65 710 169 761 bus
219 709 384 761 rebus
434 709 673 760 honores
724 726 972 760 summos
1017 727 1048 760 a
1093 717 1293 761 senatu
1343 711 1631 762 consecuti
1681 711 1807 762 sint.

65 799 341 867 Equidem
374 799 542 850 etiam
574 799 708 850 illud
739 799 874 850 mihi
904 799 1152 851 animum
1188 801 1497 852 advertisse
1526 801 1717 853 videor
1738 835 1813 840 —

65 890 173 942 scis
205 890 353 942 enim
385 907 549 958 quarn
578 898 796 941 attente
825 899 883 942 te
912 890 1105 941 audire
1137 891 1343 942 soleam
1363 923 1436 928 —
1457 899 1513 942 te
1557 909 1667 943 non
1698 901 1811 944 tam

63 997 151 1032 res
194 988 384 1049 gestas
415 998 578 1048 quam
622 998 821 1043 moreS,
855 981 1132 1043 instituta,
1171 988 1339 1049 atque
1367 981 1538 1034 vitam
1584 983 1812 1050 impera-

62 1078 246 1123 torum
304 1079 557 1139 spectare
613 1071 791 1123 solere
832 1071 889 1122 in
933 1071 1205 1123 habendis
1248 1080 1343 1124 aut
1386 1090 1498 1124 non
1540 1073 1811 1126 habendis

63 1162 384 1214 honoribus.
473 1162 638 1230 Quod
674 1162 721 1214 si
757 1162 812 1213 in
857 1179 980 1214 mea
1021 1180 1190 1215 causa
1231 1163 1628 1226 considerabiS,
1662 1182 1813 1232 repe-

62 1253 171 1305 ries
201 1270 290 1305 me
321 1253 568 1305 exercitu
605 1253 884 1305 imbecillo
921 1261 1117 1306 contra
1159 1262 1368 1306 metum
1414 1255 1637 1306 maximi
1680 1256 1811 1307 belli

62 1344 442 1396 firmissimum
472 1344 811 1412 praesidium
850 1344 1114 1396 habuisse
1155 1345 1495 1413 aequitatem
1540 1355 1595 1398 et
1639 1348 1811 1399 conti-

62 1435 327 1487 nentiam.
416 1435 524 1486 His
560 1452 664 1503 ego
708 1435 972 1488 subsidiis
1016 1453 1080 1487 ea
1122 1452 1245 1487 sum
1289 1445 1627 1489 consecutus
1670 1456 1810 1505 quae

62 1526 229 1577 nullis
260 1525 577 1594 legionibus
608 1526 876 1594 consequi
906 1526 1231 1593 potuissem,
1265 1535 1326 1578 ut
1357 1544 1422 1578 ex
1452 1528 1809 1581 alienissimis

62 1616 227 1668 sociis
257 1616 643 1678 amicissimOS,
679 1634 744 1668 ex
787 1616 1186 1668 infidelissimis
1230 1617 1579 1670 firmissimos
1623 1621 1810 1671 redde-

62 1724 193 1769 rem,
251 1707 581 1775 animosque
636 1724 903 1759 novarum
959 1724 1144 1759 rerum
1206 1694 1628 1775 exspectatione
1695 1728 1809 1762 sus-

61 1815 266 1866 pensos
315 1799 383 1850 ad
423 1798 631 1850 veteris
683 1798 880 1866 imperi
934 1799 1384 1864 benevolentiam
1441 1801 1805 1854 traducerem.

63 1888 175 1941 Sed
206 1889 372 1941 nimis
407 1890 543 1965 haec
586 1889 762 1941 multa
790 1890 859 1941 de
901 1906 1005 1951 me,
1040 1890 1369 1956 praesertim
1413 1892 1481 1941 ad
1522 1900 1595 1952 te,
1628 1909 1659 1943 a
1700 1910 1809 1959 quo
1846 1914 1891 1955 15

61 1996 172 2031 uno
202 1980 450 2031 omnium
482 1979 758 2032 sociorum
790 1980 1050 2048 querelae
1083 1981 1399 2033 audiuntur.
1487 1981 1808 2049 Cognosces

61 2087 127 2122 ex
156 2070 222 2122 iis
246 2071 339 2138 qui
370 2070 509 2122 meis
541 2070 817 2122 institutis
849 2087 908 2122 se
938 2078 1218 2122 recreatos
1249 2080 1467 2138 putant.
1554 2072 1808 2141 Cumque

59 2178 253 2213 omnes
283 2178 394 2213 uno
424 2178 595 2228 prope
625 2178 903 2213 consensu
933 2162 1001 2213 de
1031 2179 1119 2213 me
1148 2163 1295 2229 apud
1325 2170 1382 2213 te
1411 2180 1645 2230 eaquae
1673 2164 1808 2215 mihi

60 2252 409 2318 optatissima
451 2260 583 2303 sunt
626 2252 1043 2319 praedicabunt,
1077 2260 1197 2303 tum
1228 2253 1369 2304 duae
1405 2254 1676 2305 maximae
1718 2255 1807 2306 cli-

59 2343 278 2393 entelae
320 2350 464 2403 tuae,
513 2343 732 2411 Cyprus
777 2342 961 2394 insula
1011 2350 1066 2394 et
1124 2343 1510 2410 Cappadociae
1553 2362 1802 2412 regnum,

58 2439 244 2484 tecum
275 2434 342 2484 de
373 2450 461 2484 me
490 2433 790 2501 loquentur
819 2451 830 2496 3
872 2442 1008 2500 puto
1045 2434 1214 2485 etiam
1253 2451 1443 2501 regem
1478 2435 1805 2486 Deiotarum

117 2604 177 2641 14.
214 2593 357 2644 paulo
394 2600 534 2632 ante:
576 2594 617 2632 in
654 2595 888 2633 11.—hoc
976 2594 1018 2633 in
1054 2594 1194 2633 which
1235 2607 1332 2634 case
1367 2608 1446 2646 que
1484 2595 1520 2634 is
1560 2596 1807 2648 commonly

57 2649 223 2688 nescio
242 2650 372 2700 quid:
395 2662 420 2688 a
436 2649 592 2700 phrase
610 2649 656 2688 of
673 2649 887 2702 modesty3
976 2649 1217 2702 employed.

57 2704 110 2743 cf.
137 2716 197 2756 13.
216 2729 270 2734 —
287 2717 459 2752 mores,
484 2705 719 2752 instituta,
744 2712 887 2756 atque
1036 2716 1095 2758 15.
1123 2707 1310 2757 Cyprus
1329 2706 1502 2745 insula:
1528 2706 1698 2758 Cyprus
1720 2706 1805 2745 had

57 2760 236 2799 vitam:
273 2761 395 2799 when
427 2761 469 2798 in
503 2761 657 2799 Cicero
690 2762 809 2800 three
841 2774 889 2799 or
975 2760 1083 2801 been
1126 2762 1256 2800 taken
1296 2761 1410 2800 from
1452 2762 1525 2800 the
1575 2762 1805 2801 Ptolemies

58 2828 176 2854 more
207 2815 501 2855 substantives
531 2817 681 2855 follow
703 2830 786 2856 one
818 2830 887 2855 an·
975 2816 1030 2869 by
1053 2818 1165 2856 Cato
1189 2818 1230 2855 in
1257 2817 1303 2869 58
1329 2827 1425 2862 B.C.‚
1444 2817 1528 2855 and
1551 2817 1803 2856 henceforth

58 2871 194 2917 other,
218 2885 274 2910 no
297 2872 551 2911 connective
574 2872 608 2911 is
642 2872 760 2918 used,
784 2885 832 2910 or
862 2885 888 2911 a
974 2872 1028 2911 he
1051 2886 1135 2911 was
1167 2873 1221 2911 its
1244 2879 1470 2923 patronus.
1534 2874 1572 2911 It
1595 2887 1680 2912 was
1710 2881 1804 2924 part

57 2928 309 2966 connective
340 2928 375 2966 is
408 2927 513 2967 used
536 2928 636 2966 with
669 2928 773 2966 each
796 2928 888 2978 pair
975 2928 1022 2967 of
1045 2929 1233 2967 Cicero’s
1251 2928 1533 2978 province.——
1555 2930 1806 2980 Cappado-

59 2982 105 3020 of
144 2983 453 3029 substantives‚
487 2996 535 3021 or
568 2983 640 3022 the
672 2984 886 3022 members
975 2984 1075 3022 ciae
1109 2996 1343 3035 regnum:
1378 2984 1430 3022 cf.
1463 2986 1583 3022 cuius
1613 2987 1803 3031 salutem,

58 3037 105 3075 of
126 3037 198 3077 the
220 3039 301 3078 last
319 3039 410 3089 pair
427 3039 527 3090 only
541 3051 611 3077 are
635 3039 886 3085 connected,
974 3047 1066 3085 etc„
1100 3039 1136 3078 6.
1210 3041 1294 3077 For
1323 3039 1511 3078 Cicero's
1542 3041 1727 3078 services
1759 3048 1804 3079 to
