2067 3332
88 145 209 183 Fam.
235 154 272 194 9.
294 141 354 194 9.]
660 139 938 178 eiCERo‘s
983 139 1272 179 LETTERS.
1763 140 1842 182 179

1522 281 1647 332 Etsi
1689 281 1855 334 nullo'

86 383 338 440 tempore
369 373 424 423 in
456 371 831 438 suspicionem
862 370 964 420 tibi
988 370 1155 421 debui
1178 370 1383 433 venire,
1411 371 1651 438 partium
1676 389 1842 424 causa

86 464 272 532 potius
316 480 479 531 quam
523 470 619 513 tua
662 461 765 512 tibi
808 461 1040 512 suadere
1082 468 1143 511 ut
1185 468 1242 512 te
1284 469 1377 512 aut
1424 479 1549 513 cum
1601 462 1841 518 Caesare

86 554 488 621 nobiscumque
528 552 896 619 coniungeres
939 559 1034 602 aut
1077 559 1230 603 certe
1272 551 1328 602 in
1371 552 1546 604 otium
1583 554 1835 616 referres,

85 644 382 713 praecipue
425 661 574 695 nunc
617 643 724 693 iam
768 642 1035 694 inclinata
1069 642 1302 694 victoria
1343 660 1415 694 ne
1455 661 1683 711 possum
1726 645 1839 713 qui-

88 290 376 351 praeterea
418 280 730 333 rectissime
775 287 904 330 sunt
947 280 1093 346 apud
1135 287 1192 331 te
1235 280 1434 332 omnia.

85 739 211 790 dem
260 738 316 788 in
362 737 529 788 ullam
572 736 735 787 aliam
782 735 1028 787 incidere
1078 736 1397 803 opinionem
1445 737 1553 788 nisi
1597 738 1654 788 in
1697 755 1833 800 eam,

85 847 193 897 qua
235 828 447 880 scilicet
496 827 600 878 tibi
657 827 890 878 suadere
932 827 1122 878 videar
1164 829 1309 895 quod
1365 828 1454 895 pie
1497 836 1683 880 tacere
1725 847 1835 880 non

85 919 311 987 possim.
395 919 482 969 Tu
525 925 728 979 autem,
776 917 850 968 mi
895 917 1107 980 CicerO,
1157 919 1236 970 sic
1285 919 1422 971 haec
1467 919 1708 986 accipies
1757 928 1833 981 ut,

85 1010 202 1062 sive
231 1010 615 1077 probabuntur
645 1008 746 1059 tibi
777 1008 892 1060 sive
926 1014 1036 1060 nOn
1081 1010 1480 1076 probabuntur,
1513 1011 1583 1061 ab
1625 1010 1835 1077 optimo

84 1108 236 1153 certe
276 1100 464 1152 animo
506 1117 569 1151 ac
599 1099 948 1151 deditissimo
996 1100 1099 1152 tibi
1143 1108 1197 1151 et
1242 1101 1490 1168 cogitata
1531 1108 1586 1152 et
1630 1101 1836 1168 scripta

84 1209 209 1243 esse
238 1191 462 1242 iudices,
550 1189 971 1242 Animadvertis
1015 1191 1114 1243 Cn.
1152 1191 1475 1258 Pompeium
1518 1209 1621 1243 nec
1664 1192 1834 1243 nomi-
1870 1214 1887 1232 ν

84 1281 170 1333 nis
201 1282 286 1334 sui
315 1298 420 1333 nec
450 1298 632 1332 rerum
663 1288 948 1348 gestarum
992 1281 1166 1349 gloria
1209 1299 1387 1350 neque
1431 1283 1597 1334 etiam
1640 1300 1832 1350 regum

83 1390 146 1425 ac
181 1372 483 1423 nationum
533 1371 808 1423 clientelis
856 1390 993 1440 quas
1043 1381 1328 1424 ostentare
1379 1374 1571 1425 crebro
1617 1373 1832 1425 solebat

84 1480 209 1515 esse
237 1470 437 1524 tutum,
472 1470 526 1513 et
557 1463 662 1514 hoc
693 1463 875 1524 etiam,
911 1464 1055 1531 quod
1101 1464 1292 1515 infimo
1336 1464 1534 1532 cuique
1576 1465 1828 1532 contigit,

82 1553 159 1604 illi
204 1570 316 1604 non
359 1570 524 1620 posse
566 1553 908 1621 contingere,
956 1562 1016 1604 ut
1060 1554 1298 1606 honeste
1339 1534 1593 1622 effugere
1634 1555 1827 1621 possit,

81 1644 240 1712 pulso
272 1643 448 1705 Italia,
480 1643 699 1695 amissis
732 1632 1040 1711 Hispaniis,
1076 1654 1238 1712 capto
1271 1645 1517 1697 exercitu
1546 1653 1827 1708 veteranO,

83 1734 494 1787 circumvallato
539 1751 687 1786 nunc
719 1735 974 1802 denique,
1010 1737 1155 1803 quod
1199 1737 1388 1788 nescio
1431 1754 1500 1787 an
1544 1736 1679 1787 nulli
1719 1755 1832 1787 um-

88 1871 149 1912 16.
179 1882 241 1925 15.
268 1883 283 1910 Ι
319 1873 355 1910 is
384 1873 459 1910 etri
484 1872 596 1910 mihi
624 1871 845 1909 nuntiavit
872 1874 909 1908 te

74 1929 209 1979 plane
223 1928 344 1979 febri
371 1941 513 1966 carere
542 1933 582 1965 et
609 1928 708 1965 belle
729 1926 908 1971 ltabere;

74 1990 160 2035 pro
191 1985 311 2022 Mur.
346 1994 396 2032 14
426 1983 522 2021 bene
555 1983 683 2020 habet.
745 1983 783 2020 A
815 1982 911 2020 sim-

84 2039 161 2078 ilar
207 2039 368 2090 ellipsis
408 2051 558 2078 occurs
599 2038 641 2076 in
681 2037 911 2089 colloquial

86 2095 213 2134 Latin
236 2094 337 2133 with
356 2095 515 2146 facere,
537 2108 670 2144 agere,
694 2100 910 2144 capessere,

75 2151 268 2200 probare,
309 2152 501 2201 recipere,
547 2156 626 2189 etc.
648 2174 704 2178 —
727 2156 911 2189 certum

85 2207 185 2245 scio
206 2221 214 2245 :
247 2206 341 2244 that
362 2212 519 2244 certum
549 2206 591 2244 in
614 2206 687 2244 the
709 2218 912 2244 common

81 2262 261 2313 phrases
301 2268 459 2301 certum
507 2264 589 2302 scio
628 2261 714 2300 and
752 2267 910 2300 certum

85 2320 218 2357 nescio
233 2318 269 2357 is
287 2331 340 2356 an
363 2317 524 2356 adverb
545 2318 580 2356 is
603 2317 776 2356 evident
797 2317 912 2355 from

86 2374 174 2413 Cic.
189 2380 274 2424 pro
294 2375 466 2419 Scauro,
491 2386 543 2426 34
564 2375 641 2425 qui
667 2375 753 2412 sive
774 2375 912 2423 patri-

82 2431 170 2468 cius
209 2431 295 2469 sive
336 2430 524 2480 plebeius
567 2435 679 2476 esset,
721 2430 909 2468 nondum

83 2487 193 2524 enim
213 2492 369 2525 certum
389 2488 680 2532 constituerat;
698 2485 806 2524 Hor.
822 2486 910 2524 Sat.

86 2552 121 2579 2.
153 2541 190 2581 6.
225 2553 272 2591 27
297 2543 524 2592 postmodo,
557 2543 672 2593 quod
707 2542 769 2579 mi
799 2542 910 2586 obsit,

84 2599 196 2636 clare
225 2604 465 2650 certumque
494 2598 660 2643 locut0;
695 2609 729 2635 2.
765 2608 798 2649 5.
836 2608 912 2635 100

83 2659 238 2691 certum
300 2655 486 2702 vigilans
557 2652 836 2703 (Hofmann).
859 2675 914 2680 —

86 2709 355 2747 rectissime
389 2715 501 2748 sunt
523 2723 530 2746 :
572 2708 625 2747 cf.
650 2709 754 2747 Intr.
776 2708 841 2760 85.
860 2732 914 2736 —-

86 2765 313 2803 suadere:
345 2765 387 2803 in
413 2764 660 2815 apposition
683 2771 730 2802 to
753 2764 914 2815 suspi-

86 2820 293 2866 cionem;
316 2820 369 2859 cf.
387 2821 583 2865 accedere,
601 2821 679 2870 Ep.
699 2821 745 2857 L.
766 2832 788 2871 3
806 2833 845 2858 n.
861 2843 916 2852 —-‹

86 2875 312 2914 inclinata
351 2876 564 2922 victoria,
606 2877 717 2913 since
755 2878 915 2925 victory

86 2931 164 2969 lzas
179 2932 352 2981 already
371 2932 528 2970 turned
544 2931 673 2981 (from
696 2931 769 2970 the
794 2932 916 2969 Pom-

85 2987 269 3038 peians).
284 3011 338 3015 —
353 2987 418 3025 mi
438 2987 622 3025 Cicero:
646 2987 700 3025 cf.
719 2988 782 3024 mi
797 2988 916 3025 Pom-

82 3044 197 3092 poni,
219 3044 296 3093 Ep.
318 3043 370 3081 X.
389 3056 428 3080 n.
443 3067 498 3071 —
515 3045 573 3082 ab
596 3043 776 3081 animo:
801 3048 914 3080 most

87 3097 248 3137 editors
271 3097 405 3137 strike
425 3105 500 3136 out
523 3100 597 3144 ab,
616 3098 693 3136 but
712 3098 785 3136 the
807 3097 916 3149 style

1005 1869 1052 1906 of
1069 1869 1300 1908 Dolabella
1315 1869 1352 1908 is
1370 1882 1471 1921 very
1487 1869 1731 1920 colloquial,
1746 1868 1832 1908 and
1846 1910 1851 1915 ‚

1005 1924 1079 1963 the
1121 1926 1247 1963 Latin
1288 1925 1335 1963 of
1380 1924 1593 1978 everyday
1632 1925 1706 1964 life
1745 1938 1833 1964 was

1002 1979 1111 2018 fond
1146 1987 1224 2020 not
1264 1982 1365 2033 only
1395 1981 1441 2019 of
1480 1981 1832 2031 personification

1004 2036 1047 2074 in
1073 2037 1259 2087 general,
1281 2036 1358 2075 but
1390 2037 1437 2075 of
1467 2037 1540 2075 the
1571 2043 1834 2087 representa-

1004 2091 1097 2130 tion
1120 2093 1167 2131 of
1188 2093 1260 2131 the
1283 2092 1518 2131 individual
1541 2092 1596 2145 by
1613 2092 1698 2132 this
1715 2092 1832 2132 word

1003 2149 1178 2187 animus
1190 2162 1210 2195 ;
1242 2148 1296 2187 cf.
1318 2151 1462 2187 anime
1491 2150 1554 2186 mi
1582 2148 1667 2199 (cg.
1694 2149 1830 2187 Plaut.

1009 2205 1133 2242 Curc.
1161 2204 1235 2256 165
1257 2219 1266 2252 ;
1288 2205 1404 2244 Men.
1428 2204 1520 2254 182)
1541 2217 1588 2243 as
1610 2217 1635 2242 a
1657 2211 1765 2243 term
1787 2204 1834 2242 of

1003 2259 1299 2307 endearment3
1322 2260 1375 2299 cf.
1392 2261 1483 2299 also
1501 2261 1579 2310 Ep.
1596 2260 1831 2298 LXXVII.

1008 2327 1022 2354 1
1059 2317 1313 2366 praesertim
1350 2317 1418 2355 vel
1443 2317 1588 2355 animo
1618 2317 1834 2367 deffetzgrato

1002 2378 1072 2410 tuo
1101 2374 1177 2423 qni
1210 2385 1325 2410 nunc
1359 2373 1542 2423 requiem
1575 2377 1755 2422 quaerat
1781 2385 1833 2409 ex

1003 2429 1172 2480 magnis
1203 2428 1568 2478 occupatwnibus;
1601 2428 1679 2477 Ep.
1712 2427 1831 2465 LXI.

1003 2483 1028 2522 8
1060 2485 1152 2522 volo
1190 2486 1300 2522 enim
1343 2485 1484 2522 videre
1521 2484 1716 2521 animum
1759 2484 1836 2533 qui

1004 2541 1116 2579 milzi
1140 2541 1293 2578 audeat
1312 2541 1391 2578 ista
1415 2569 1423 2576 .
1447 2569 1454 2576 .
1480 2569 1487 2575 .
1510 2545 1728 2588 apponere.

1063 2608 1096 2634 2.
1139 2602 1382 2635 ostentare
1420 2597 1585 2634 crebro
1619 2594 1832 2633 solebat:

1004 2652 1057 2690 cf.
1078 2652 1182 2690 Intr.
1201 2663 1266 2702 79.
1282 2676 1336 2680 —
1352 2651 1504 2689 Italia:
1527 2650 1594 2688 for
1615 2664 1665 2687 ex
1688 2651 1831 2688 ltalia.

1006 2707 1159 2746 Cicero
1181 2720 1312 2746 never
1333 2707 1462 2745 omits
1489 2720 1541 2744 ex
1562 2705 1662 2744 with
1685 2718 1833 2744 names

1005 2763 1052 2801 of
1082 2763 1313 2809 countries‚
1337 2762 1435 2807 and,
1458 2761 1557 2800 with
1587 2761 1659 2799 the
1688 2774 1835 2812 excep-

1005 2819 1095 2857 tion
1112 2819 1158 2857 of
1175 2831 1256 2856 one
1272 2831 1453 2868 passage
1467 2818 1508 2855 in
1526 2817 1686 2855 Caesar
1703 2817 1771 2867 (B.
1789 2818 1832 2855 C.

1006 2886 1041 2926 3.
1083 2873 1164 2926 58),
1198 2874 1384 2924 perhaps
1426 2873 1498 2911 the
1538 2872 1833 2911 construction

1005 2930 1112 2968 does
1134 2937 1210 2968 not
1233 2942 1362 2968 occur
1378 2929 1419 2966 in
1439 2941 1565 2979 prose
1584 2928 1708 2979 again
1729 2928 1835 2966 until

1006 2999 1067 3024 we
1090 2985 1215 3023 reach
1243 2985 1382 3023 Silver
1406 2984 1545 3022 Latin.
1560 3007 1615 3012 —
1632 2984 1837 3023 circum-

1006 3041 1212 3079 vallato:
1246 3053 1270 3078 a
1301 3040 1457 3078 dative.
1527 3041 1719 3091 Pompey
1749 3052 1836 3078 was

1007 3095 1279 3135 surrounded
1318 3095 1372 3147 by
1414 3095 1611 3134 Caesar's
1661 3094 1804 3134 forces
1824 3109 1835 3140 3
