2067 3332
122 122 209 161 Att.
238 131 268 157 1.
298 119 397 171 17.]'
683 119 963 159 CICERO’S
1009 122 1297 162 LETTERS.
1823 126 1875 166 33

119 260 274 321 tium,
307 261 454 327 quod
497 260 782 327 aliquanto
826 260 994 312 etiam
1039 261 1205 313 latius
1248 271 1402 330 patet
1442 283 1607 332 quam
1636 266 1871 329 videtur,

117 350 400 418 praesenti
429 350 532 401 tibi
562 350 906 402 commodius
938 369 1226 418 exponam.
1298 355 1385 406 De
1415 355 1481 406 iis
1511 356 1715 408 litteris
1739 376 1874 425 quas

117 442 186 493 ad
221 449 277 492 te
307 441 711 493 Thessalonica
740 442 909 504 misit,
945 451 1000 493 et
1031 444 1099 494 de
1131 446 1483 498 sermonibus
1514 465 1652 514 quos
1683 449 1751 500 ab
1781 449 1874 501 illo

119 540 174 583 et
206 534 421 584 Romae
451 533 597 599 apud
628 533 837 584 amicos
871 541 998 585 tuos
1030 542 1084 585 et
1117 535 1172 586 in
1205 535 1403 588 itinere
1434 538 1655 590 habitos
1690 548 1870 606 putaS‚

118 623 316 691 ecquid
358 631 580 675 tantum
624 641 826 675 causae
875 625 947 675 sit
1005 625 1226 693 ignoro;
1283 629 1380 678 sed
1430 629 1613 681 omnis
1667 631 1724 681 in
1779 639 1876 684 tua

117 714 300 781 posita
341 722 427 766 est
471 715 822 766 humanitate
868 716 1004 766 mihi
1055 734 1183 783 spes
1234 718 1398 770 huius
1448 720 1716 773 levandae
1764 740 1874 774 mo-

116 806 326 858 lestiae.
396 806 557 867 Nam,
592 805 639 857 si
668 806 745 857 ita
774 806 1055 868 statueriS,
1090 816 1143 858 et
1176 808 1474 862 irritabiles
1505 812 1719 864 animos
1750 830 1875 865 esse

117 896 453 963 optimorum
479 913 644 964 saepe
667 896 958 948 hominum
983 905 1038 948 et
1070 899 1297 950 eosdem
1327 900 1643 967 placabileS,
1671 911 1725 954 et
1750 921 1874 956 6556

117 988 259 1040 hanc
315 987 642 1055 agilitatem,
696 995 756 1039 ut
807 987 886 1040 ita
933 988 1130 1050 dicam,
1183 990 1587 1060 mollitiamque
1642 1003 1873 1047 naturae

115 1079 442 1147 plerumque
483 1079 768 1141 bonitatis,
803 1087 874 1142 et,
908 1079 963 1131 id
992 1081 1140 1148 quod
1183 1089 1349 1148 caput
1388 1091 1488 1144 est,
1523 1085 1683 1136 nobis
1728 1086 1875 1138 inter

116 1188 218 1222 nos
248 1178 440 1222 nostra
470 1170 587 1222 sive
618 1170 972 1223 incommoda
1001 1171 1118 1223 sive
1148 1172 1283 1224 vitia
1313 1173 1431 1224 sive
1476 1174 1704 1227 iniurias
1749 1194 1872 1229 esse

115 1261 448 1323 tolerandas,
494 1261 662 1313 facile
711 1262 864 1324 haec,
913 1263 1384 1330 quemadmodum
1434 1282 1611 1332 spem,
1658 1268 1872 1335 mitiga-

116 1354 340 1405 buntur.
428 1353 595 1421 Quod
625 1370 729 1421 ego
760 1361 821 1404 ut
851 1353 1026 1405 facias
1056 1362 1112 1405 te
1144 1372 1267 1418 oro;
1304 1373 1431 1406 nam
1462 1358 1530 1407 ad
1560 1375 1664 1420 me,
1692 1359 1786 1426 qui
1814 1367 1871 1411 te

116 1443 279 1495 unice
316 1443 503 1511 diligo,
537 1444 776 1496 maxime
819 1445 1066 1512 pertinet
1104 1446 1386 1497 neminem
1433 1464 1557 1499 esse
1600 1466 1867 1512 meorum,

115 1534 209 1602 qui
238 1543 332 1586 aut
362 1542 419 1586 te
448 1553 561 1586 non
591 1543 739 1587 amet
769 1544 864 1587 aut
895 1537 994 1588 abs
1026 1544 1081 1588 te
1121 1554 1232 1588 non
1276 1546 1509 1590 ametur.
1600 1540 1701 1591 Illa
1742 1559 1869 1608 pars

115 1624 391 1693 epistulae
425 1634 555 1678 tuae
598 1627 828 1678 minime
870 1627 979 1679 fuit
1022 1629 1354 1691 necessaria,
1388 1629 1445 1681 in
1488 1649 1597 1698 qua
1639 1632 1869 1699 exponis

115 1734 251 1784 quas
281 1717 580 1769 facultates
611 1726 704 1769 aut
740 1719 1163 1785 provincialium
1207 1728 1301 1771 aut
1345 1722 1684 1774 urbanorum
1728 1741 1870 1775 com-

115 1809 405 1860 modorum
436 1816 492 1860 et
521 1809 642 1860 aliis
672 1809 1019 1876 temporibus
1056 1818 1111 1861 et
1152 1828 1241 1862 me
1284 1811 1403 1878 ipso
1448 1813 1678 1865 consule
1718 1832 1869 1881 prae-

114 1899 439 1952 termiseris
551 1900 695 1951 Mihi
750 1900 898 1951 enim
954 1910 1253 1968 perspecta
1307 1910 1393 1954 est
1442 1903 1762 1971 ingenuitas
1813 1914 1868 1956 et

115 1990 443 2057 magnitudo
473 1990 645 2042 animi
673 1991 771 2053 tui,
799 2008 982 2059 neque
1012 2009 1115 2060 ego
1146 1992 1294 2044 inter
1322 2011 1410 2045 me
1439 2002 1606 2062 atque
1635 2002 1692 2046 te
1722 1996 1869 2063 quic-

114 2099 278 2149 quam
311 2081 586 2133 interesse
615 2100 879 2150 umquam
910 2083 1041 2134 duxi
1076 2091 1298 2150 praeter
1325 2085 1670 2137 voluntatem
1714 2086 1867 2138 insti-

114 2180 270 2223 tutae
299 2172 463 2234 vitae‚
491 2173 638 2240 quod
669 2190 757 2224 me
787 2173 1020 2225 ambitio
1052 2176 1322 2242 quaedam
1354 2176 1421 2226 ad
1451 2176 1724 2228 honorum
1756 2185 1868 2229 stu-

170 2297 207 2334 4.
240 2286 297 2324 de
322 2285 380 2324 iis
401 2285 593 2324 litteris:
623 2285 677 2324 cf.
698 2286 802 2325 Intr.
825 2297 950 2337 91.—

114 2341 172 2380 de
200 2342 524 2381 sermonibus:
556 2341 609 2380 cf.
640 2341 799 2380 introd.
831 2348 947 2389 note,

1038 2293 1083 2326 to
1118 2286 1319 2327 business
1355 2289 1673 2340 opportunities
1708 2290 1751 2329 in
1794 2291 1867 2330 the

1035 2343 1265 2393 provinces
1287 2343 1426 2383 which
1450 2345 1623 2385 Atticus
1654 2346 1741 2384 had
1771 2360 1867 2398 neg-

115 2396 200 2435 and
240 2398 329 2435 Att.
375 2409 408 2434 1.
456 2408 517 2448 19.
567 2408 610 2435 11
669 2397 854 2448 (written
904 2398 947 2437 in

117 2453 282 2499 March,
322 2451 376 2492 60
418 2454 519 2503 B.C.)
567 2453 752 2500 Quintus
795 2454 949 2505 frater

105 2514 274 2559 purgat
301 2522 342 2546 se
372 2509 484 2546 milti
507 2515 592 2559 per
620 2509 780 2547 litteras
810 2515 849 2547 et
876 2511 948 2548 ad-

108 2564 263 2615 firmat
303 2565 421 2602 nihil
451 2578 477 2602 a
513 2577 554 2602 se
589 2566 786 2615 cuiquam
824 2566 873 2603 de
910 2571 947 2605 te

114 2633 228 2658 secus
261 2634 345 2659 esse
383 2621 556 2658 dictum.
579 2643 634 2648 —-
655 2631 850 2660 causae:
890 2635 945 2660 sc.

113 2675 183 2714 for
203 2675 269 2715 his
291 2675 493 2715 conduct.
517 2700 567 2704 —
584 2676 858 2716 irritabiles:
891 2676 944 2716 cf.

118 2731 165 2779 Q.
189 2732 258 2783 fr.
297 2743 330 2769 1.
371 2743 406 2769 1.
443 2743 491 2784 37
535 2746 678 2770 omnes
706 2735 834 2778 enim,
872 2734 949 2784 qui

113 2788 239 2825 istinc
272 2789 464 2833 veniunt,
499 2788 558 2827 ita
598 2789 647 2826 de
687 2794 761 2827 tua
793 2790 948 2827 virtute

113 2844 352 2892 intqgrritate
397 2844 666 2882 humanitate
710 2858 947 2883 commemo-

114 2904 226 2943 rant,
259 2904 308 2937 ut
341 2900 386 2936 in
423 2901 508 2937 tuis
537 2901 718 2938 summis
748 2901 946 2939 laudibus

112 2956 329 3004 excipiant
347 2968 479 2992 unam
503 2956 791 2994 iracundiam.

173 3020 206 3061 5.
239 3010 604 3060 provincialium
645 3010 855 3064 probably
886 3025 944 3050 re-

112 3064 200 3104 fers
221 3071 299 3103 not
322 3072 366 3104 to
398 3066 590 3116 politicai
620 3066 834 3117 positions
866 3067 943 3106 but

1036 2398 1176 2437 lected
1206 2399 1250 2438 in
1281 2400 1455 2451 serving
1485 2401 1558 2439 the
1588 2401 1789 2441 interests
1821 2403 1868 2441 of

1038 2454 1204 2501 Cicero,
1227 2455 1408 2508 notably
1428 2455 1584 2507 during
1607 2457 1679 2496 the
1701 2458 1865 2498 latter's

1035 2509 1274 2563 candidacy
1294 2511 1364 2549 for
1395 2511 1470 2550 the
1501 2513 1749 2564 consulship
1781 2513 1866 2552 and

1035 2565 1320 2619 incumbency
1346 2567 1393 2606 of
1424 2568 1518 2606 that
1548 2568 1682 2607 office.
1744 2570 1865 2609 Most

1035 2621 1083 2660 of
1117 2622 1190 2662 the
1231 2622 1430 2663 business
1462 2630 1662 2663 ventures
1704 2624 1751 2663 of
1791 2627 1865 2664 At-

1035 2677 1159 2724 ticus,
1201 2678 1297 2717 who
1338 2692 1425 2718 was
1466 2692 1491 2718 a
1531 2681 1862 2733 money-lender,

1035 2746 1143 2772 were
1165 2733 1331 2773 carried
1354 2748 1409 2773 on
1441 2735 1483 2773 in
1517 2735 1590 2776 the
1620 2736 1862 2787 provinces.

1033 2790 1400 2829 —voluntatem
1435 2791 1684 2831 institutae
1716 2793 1862 2833 vitae:

1036 2845 1189 2884 Cicero
1224 2859 1309 2884 was
1345 2846 1578 2886 interested
1614 2848 1656 2886 in
1692 2849 1863 2899 politics

1034 2901 1156 2940 while
1208 2902 1380 2941 Atticus
1430 2902 1530 2941 held
1580 2903 1701 2942 aloof
1747 2905 1861 2943 from

1033 2956 1170 3004 them3
1221 2957 1275 2996 cf.
1312 2958 1415 2996 Intr.
1457 2958 1861 3010 58.—honorum:

1032 3012 1175 3063 public
1213 3012 1499 3059 distinctions,
1532 3016 1762 3068 especially
1791 3030 1862 3067 po-

1030 3068 1161 3106 litical
1198 3068 1558 3109 offices.-cum
1602 3100 1609 3109 .
1658 3099 1668 3109 .
1712 3100 1721 3110 .
1763 3072 1862 3111 dis-
