2067 3332
112 156 200 194 Att.
222 166 260 204 4.
287 153 341 206 1.]

687 153 965 192 CICERO’S
1010 154 1298 194 LETTERS.
1809 159 1862 198 59

111 294 243 346 tello
300 293 522 361 scripsit
578 294 647 344 ad
701 310 790 344 me
845 293 1021 344 frater
1076 302 1345 361 quantum
1405 303 1686 362 sperasset
1742 314 1861 364 pro-

110 385 323 437 fectum
354 401 478 436 esse
508 401 606 451 per
634 391 707 435 te.

796 384 878 434 Mi
923 385 1206 451 Pomponi,
1239 403 1428 452 pugna
1469 393 1530 436 ut
1571 394 1760 438 tecum
1804 395 1859 439 et
1893 408 1915 448 3

111 494 237 528 cum
280 475 419 526 meis
464 475 596 525 mihi
638 475 803 526 liceat
846 474 1046 536 vivere,
1095 484 1147 526 et
1193 475 1374 526 scribe
1415 476 1484 527 ad
1526 493 1615 528 me
1657 478 1858 530 omnia.

114 568 338 618 Premor
367 566 537 627 luctu,
572 565 847 616 desiderio
879 565 1126 616 omnium
1159 582 1424 628 meorum,
1457 568 1551 635 qui
1593 568 1730 619 mihi
1772 586 1860 620 me
1921 587 1928 595 ·

111 658 350 710 cariores
382 673 603 723 semper
630 656 895 707 fuerunt·
961 656 1122 718 Cura,
1156 666 1216 708 ut
1246 657 1449 709 valeas

190 749 312 816 Ego
354 748 516 815 quod,
556 764 655 814 per
696 747 1046 798 Thessaliam
1091 747 1137 798 si
1179 747 1315 799 irem
1360 749 1416 799 in
1460 749 1709 816 Epirum,
1743 767 1860 817 per-
1891 772 1916 808 4

110 839 203 890 diu
246 838 384 889 nihil
423 855 571 889 eram
602 838 892 889 auditurus
932 846 987 889 et
1018 839 1165 906 quod
1208 838 1316 890 mei
1359 840 1639 891 studiosos
1682 841 1861 893 habeo

112 929 509 999 DyrrachinOS,
542 930 609 980 ad
640 946 735 980 eos
765 929 996 996 perrexi,
1031 947 1156 981 cum
1187 929 1279 980 illa
1309 931 1595 997 superiora
1622 931 1861 983 Thessa-

110 1020 326 1073 lonicae
369 1021 737 1087 scripsissem.

831 1021 969 1071 Inde
1011 1038 1137 1072 curn
1180 1021 1248 1071 ad
1289 1029 1347 1072 te
1390 1038 1478 1072 me
1521 1030 1857 1084 convertam,

110 1111 311 1164 faciam
355 1119 415 1163 ut
460 1112 620 1173 sciaS,
658 1120 832 1179 tuque
874 1112 941 1162 ad
985 1128 1073 1162 me
1102 1111 1266 1162 velim
1310 1112 1496 1163 omnia
1537 1130 1701 1180 quam
1745 1113 1861 1164 dili-

111 1202 459 1270 gentissime,
507 1202 841 1254 cuicuimodi
898 1211 1045 1263 sunt,
1099 1201 1324 1254 scribas,

1431 1203 1553 1270 Ego
1609 1203 1716 1254 iam
1766 1212 1860 1255 aut

112 1310 227 1344 rem
258 1301 352 1344 aut
392 1309 462 1344 ne
505 1309 660 1360 spem
692 1293 915 1360 quidem
960 1300 1236 1360 exspecto,
1324 1294 1474 1344 Data
1504 1309 1562 1344 vr
1593 1293 1718 1346 Kal.
1754 1295 1862 1345 De-

112 1385 315 1436 cembr.
402 1383 690 1453 Dyrrachi.

736 1559 863 1611 XV.
918 1559 1056 1629 (Aa.
1087 1575 1139 1624 4.
1180 1560 1247 1628 Ι.)

651 1691 882 1731 CICERO
923 1692 1169 1730 ATTICO
1199 1691 1323 1731 SAL.

191 1802 333 1855 Cum
375 1803 614 1870 primurn
661 1804 898 1855 Romam
938 1804 1066 1865 veni
1107 1804 1327 1872 fuitque
1369 1805 1459 1856 cui
1501 1813 1653 1857 recte
1695 1807 1763 1857 ad
1805 1814 1862 1857 te
1897 1833 1912 1861 1

112 1893 329 1946 litteras
358 1895 564 1956 darem,
598 1894 736 1945 nihil
768 1895 920 1962 prius
950 1896 1269 1947 faciendum
1301 1895 1437 1946 mihi
1476 1896 1666 1963 putavi
1696 1914 1860 1964 quam

117 2023 151 2067 5.
175 2024 212 2051 2.
234 2012 291 2064 7),
313 2013 426 2052 from
458 2012 635 2064 making
663 2013 736 2053 the
758 2020 944 2053 custom-

114 2081 188 2121 ary
207 2069 366 2120 speech
389 2076 435 2108 to
458 2069 530 2109 the
552 2070 721 2120 people.
770 2070 943 2109 Atticus

113 2124 199 2163 had
220 2124 531 2177 subsequently
552 2125 741 2176 brought
763 2125 897 2164 about
919 2139 944 2165 a

112 2181 447 2220 reconciliation.
467 2181 535 2220 Cf.
551 2182 643 2221 also
655 2182 732 2233 Ep.
747 2182 852 2220 XII.
866 2193 880 2220 1
898 2195 939 2222 n.

169 2248 206 2288 3.
239 2237 305 2275 mi
339 2238 593 2288 Pomponi:
626 2238 679 2276 cf.
714 2238 791 2289 Ep.
824 2239 877 2276 X.
902 2251 942 2276 n.

111 2316 166 2321 —
180 2293 334 2332 scribe
353 2294 412 2332 ad
431 2305 507 2332 me
526 2294 706 2333 omnia:
729 2306 754 2332 a
770 2300 944 2345 request

114 2355 160 2387 to
181 2348 235 2387 be
255 2348 395 2388 found
415 2349 458 2388 in
481 2349 639 2388 almost
671 2363 797 2402 every
817 2350 944 2388 letter

112 2404 160 2443 of
180 2404 265 2444 this
286 2405 450 2456 period.
512 2405 665 2444 Cicero
696 2412 798 2457 puts
824 2418 943 2444 more

112 2459 361 2500 confidence
383 2461 425 2499 in
443 2460 516 2500 the
537 2461 686 2500 letters
704 2461 751 2500 of
771 2462 943 2501 Atticus

113 2516 217 2555 than
237 2516 280 2555 in
304 2516 430 2556 those
452 2516 499 2555 of
524 2516 589 2555 his
611 2516 788 2556 brother
811 2517 944 2566 Quin-

112 2578 199 2621 tus;
240 2571 294 2611 cf.
326 2574 413 2611 Att.
452 2585 488 2625 3.
538 2572 597 2611 18.
636 2585 657 2611 2
704 2573 751 2621 Q.
779 2574 941 2625 frater,

112 2629 234 2666 homo
282 2630 433 2675 mirus,
473 2631 551 2680 qui
588 2643 652 2668 me
692 2635 777 2667 tam
820 2630 943 2667 valde

110 2690 238 2730 amat,
261 2687 403 2723 omnia
430 2687 563 2724 mittit
590 2686 678 2735 spei
696 2685 841 2734 plena,
865 2698 942 2723 me-

110 2745 243 2785 tuens,
262 2741 392 2785 credo,
405 2741 666 2792 defectionem
683 2742 826 2779 animi
836 2742 936 2785 mei,·

111 2801 206 2834 tuae
224 2801 362 2834 autem
387 2797 547 2834 litterae
567 2802 670 2834 suut
696 2798 854 2842 variae,
878 2810 943 2835 ne-

111 2864 190 2902 que
228 2852 336 2889 enim
381 2865 444 2890 me
492 2852 709 2902 desperare
758 2853 822 2890 vis
872 2866 943 2890 nec

109 2913 259 2945 temere
288 2913 468 2957 sperare.

166 2974 202 3011 4.
236 2963 543 3002 cuicuimodi:
568 2976 593 3002 a
615 2976 715 3015 very
732 2976 823 3002 rare
843 2976 942 3014 gen-

109 3017 211 3056 itive
232 3018 345 3057 form
368 3018 436 3057 for
451 3020 823 3058 cuiuscuiusmodi.
871 3019 938 3058 Cf.

109 3073 202 3112 also
220 3075 338 3113 Fizm.
358 3086 394 3122 4.
410 3086 445 3123 7.
463 3080 595 3124 4.pr0
610 3076 724 3113 Sext.
742 3076 856 3114 Rosc.
873 3085 938 3127 95,

109 3128 193 3166 and
222 3130 392 3167 Vernii.
422 3141 454 3182 5.
485 3142 569 3179 107.
634 3131 672 3168 It
695 3131 730 3168 is
753 3131 938 3181 perhaps

1029 2013 1170 2052 found
1200 2014 1242 2052 in
1277 2014 1413 2053 Plaut.
1437 2015 1592 2054 Bacch.
1626 2027 1717 2064 400.
1781 2016 1862 2056 See

1032 2069 1189 2116 Krebs,
1223 2071 1552 2117 Antibarbarus,
1590 2072 1727 2117 Neue,
1764 2073 1863 2110 For-

1030 2127 1257 2172 menlehre,
1287 2125 1367 2164 ΙΙ.2
1399 2126 1503 2175 2463
1540 2127 1627 2166 and
1660 2127 1861 2174 Wilkins,

1032 2181 1121 2220 Cic.
1145 2183 1193 2220 de
1217 2183 1290 2221 Or.
1317 2194 1352 2234 3.
1376 2194 1441 2234 94.
1459 2206 1512 2211 —-
1531 2184 1784 2233 Dyrrachi:
1806 2183 1861 2223 cf.

1039 2238 1362 2285 Thessalonicae,
1380 2239 1458 2290 Ep.
1483 2239 1589 2277 XII.
1613 2250 1636 2290 3
1654 2252 1693 2277 n.

1088 2294 1183 2332 XV.
1220 2294 1371 2340 Rome,
1397 2294 1530 2345 Sept„
1557 2305 1602 2347 57
1630 2305 1709 2334 ΒΕ.
1771 2295 1863 2334 Cic-

1030 2361 1103 2388 ero
1125 2349 1284 2388 landed
1312 2357 1356 2388 at
1389 2349 1664 2390 Brundisium
1688 2352 1798 2402 Aug.
1825 2361 1860 2404 5,

1034 2416 1080 2457 57
1126 2415 1220 2452 B.C.,
1253 2405 1364 2444 after
1404 2419 1457 2444 an
1498 2406 1683 2446 absence
1723 2407 1770 2445 of
1813 2406 1862 2446 16

1031 2461 1207 2500 months
1251 2461 1382 2513 (Plut.
1418 2463 1498 2501 Cic.
1536 2461 1619 2514 33).
1683 2463 1752 2502 He
1793 2476 1862 2502 en-

1031 2516 1150 2556 tered
1174 2518 1313 2556 Rome
1339 2518 1454 2568 Sept.
1478 2530 1515 2566 4,
1539 2517 1755 2557 delivered
1787 2518 1860 2558 the

1034 2574 1182 2611 Oratio
1201 2579 1301 2623 post
1321 2575 1515 2612 Reditum
1545 2574 1587 2612 in
1617 2574 1689 2613 the
1711 2581 1861 2614 senate

1032 2628 1149 2679 Sept.
1195 2640 1229 2681 5,
1267 2628 1352 2667 and
1393 2629 1572 2681 directly
1610 2629 1860 2669 afterwards

1028 2684 1263 2723 addressed
1286 2685 1358 2724 the
1379 2686 1534 2736 people
1559 2685 1629 2736 (cf.
1655 2696 1675 2737 5
1698 2685 1744 2724 of
1775 2686 1861 2725 this

1028 2740 1191 2791 letter);
1227 2740 1343 2791 Sept.
1369 2752 1389 2790 7
1415 2741 1468 2779 he
1490 2740 1707 2792 proposed
1739 2754 1764 2780 a
1785 2741 1859 2781 bill

1029 2795 1071 2833 in
1104 2796 1177 2835 the
1208 2803 1358 2835 senate
1390 2798 1563 2848 putting
1596 2798 1787 2850 Pompey
1817 2798 1860 2837 in

1029 2851 1184 2902 charge
1221 2852 1268 2890 of
1308 2852 1381 2890 the
1422 2865 1524 2891 corn
1565 2854 1858 2900 commission‚

1029 2907 1114 2945 and
1137 2907 1248 2946 after
1269 2908 1341 2946 the
1370 2907 1678 2960 adjournment
1709 2909 1756 2948 of
1786 2910 1859 2949 the

1028 2971 1177 3002 senate
1209 2962 1451 3003 advocated
1493 2964 1566 3003 the
1596 2964 1670 3003 bill
1710 2965 1859 3005 before

1028 3018 1101 3057 the
1129 3020 1283 3070 people
1309 3019 1384 3071 (6).
1448 3020 1487 3058 It
1518 3019 1695 3060 became
1725 3034 1751 3060 a
1780 3022 1860 3060 law

1029 3074 1146 3125 Sept.
1169 3074 1192 3113 8
1219 3075 1292 3124 (7).

1088 3141 1119 3167 1.
1171 3137 1315 3177 recte,
1368 3132 1468 3169 witlz
1524 3133 1666 3183 safety.
1688 3156 1743 3161 —
1773 3134 1857 3172 tibi
