2067 3332
230 160 312 202 288
797 162 1077 202 CICERO'S
1121 161 1408 202 LETTERS.
1794 161 1894 215 [Ep.
1918 162 1967 202 C.

230 301 514 368 plissimus
572 309 674 363 est,
727 301 990 353 firmitate
1047 301 1304 369 exiguus,
1359 309 1628 369 quantum
1677 309 1863 353 autem
1912 302 1966 353 in

229 393 346 444 acie
375 391 542 442 tironi
589 391 659 443 sit
712 392 1174 443 committendum
1219 392 1449 443 nimium
1481 409 1646 458 saepe
1681 399 1968 459 expertum

230 483 512 533 habemus.
598 482 690 532 Ad
747 482 851 534 hoc
894 483 1065 546 robur*
1102 490 1418 533 nostrorum
1470 482 1811 533 exercituum
1854 482 1969 534 sive

230 573 534 625 Africanus
579 573 871 634 exercitUS,
917 573 1012 640 qui
1054 580 1139 624 est
1195 581 1509 634 veteranUS,
1556 572 1671 624 sive
1714 571 1967 624 Caesaris

229 665 573 725 accessisset,
635 680 809 735 aequo
871 663 1055 714 animo
1099 680 1369 714 summam
1407 679 1519 713 rem
1577 680 1626 729 p.
1684 662 1740 712 in
1783 662 1971 714 discri-

230 771 358 806 men
422 756 840 806 deduceremus.
926 753 1232 821 Aliquanto
1287 760 1475 804 autem
1538 753 1762 819 propius
1825 765 1996 815 esse,‘

229 847 376 912 quod
430 846 498 897 ad
543 845 839 897 Caesarem
890 844 1108 906 attinet,
1153 844 1494 895 videbamus,
1580 843 1736 893 Nihil
1778 843 1967 894 destiti

230 953 355 987 eum
409 936 611 987 litteris
661 935 887 997 hortari,
939 951 1122 1002 neque
1183 934 1273 985 ille
1327 933 1624 984 intermisit
1679 934 1968 984 adfirmare

230 1043 290 1078 se
345 1027 464 1078 sine
530 1044 681 1077 mora
749 1026 952 1087 venire,
1012 1043 1137 1077 cum
1208 1024 1430 1075 interim
1468 1013 1745 1075 'aversum
1815 1023 1966 1075 illum

229 1117 298 1168 ab
356 1117 458 1168 hac
519 1116 859 1183 cogitatione
915 1117 982 1167 ad
1042 1116 1148 1167 alia
1210 1115 1439 1167 consilia
1500 1115 1659 1166 video
1728 1131 1787 1165 se
1844 1131 1967 1166 con-

229 1208 442 1259 tulisse.
529 1208 651 1274 Ego
707 1214 895 1257 tamen
951 1207 1019 1258 ad
1062 1224 1187 1258 eum
1234 1205 1503 1257 Furnium
1547 1212 1799 1257 nostrum
1841 1222 1966 1256 cum

232 1298 506 1349 mandatis
539 1297 852 1364 litterisque
881 1297 1020 1358 misi,
1058 1298 1103 1348 si
1131 1297 1261 1364 quid
1291 1298 1436 1349 forte
1465 1299 1732 1364 proficere
1759 1306 1963 1365 posset.

233 1389 356 1440 Scis
399 1396 477 1450 tu,
510 1388 585 1439 mi
620 1388 830 1450 CicerO,
864 1389 1012 1455 quod
1055 1389 1121 1438 ad
1166 1388 1417 1439 Caesaris
1461 1405 1702 1439 amorem
1746 1388 1964 1449 attinet,

231 1479 557 1530 societatem
599 1478 736 1529 mihi
775 1495 899 1529 esse
935 1486 1136 1540 tecum,
1181 1478 1268 1529 vel
1310 1479 1456 1545 quod
1497 1479 1552 1529 in
1593 1478 1968 1529 familiaritate

233 1569 486 1620 Caesaris
529 1569 654 1619 vivo
692 1569 783 1620 illo
832 1569 938 1619 iam
977 1569 1122 1620 tueri
1165 1585 1290 1619 eum
1331 1577 1385 1619 et
1425 1569 1656 1636 diligere
1687 1569 1791 1620 fuit
1830 1568 1966 1619 mihi

231 1676 476 1720 necesse,
508 1659 595 1710 vel
626 1659 772 1726 quod
811 1659 942 1726 ipse,
976 1659 1157 1726 quoad
1187 1675 1291 1725 ego
1322 1676 1487 1710 nosse
1517 1659 1688 1726 potui,
1721 1659 1965 1710 modera-

231 1749 432 1800 tissimi
460 1757 626 1816 atque
657 1749 1041 1800 humanissimi
1081 1749 1189 1800 fuit
1220 1766 1434 1810 sensus,
1466 1749 1553 1800 vel
1583 1749 1729 1816 quod
1759 1765 1826 1800 ex
1853 1756 1964 1800 tam

233 1840 438 1907 insigni
479 1839 721 1891 amicitia
762 1856 885 1890 mea
926 1847 1091 1906 atque
1137 1839 1387 1890 Caesaris
1430 1840 1577 1891 hunc
1620 1839 1695 1890 fili
1736 1839 1857 1891 loco
1911 1846 1965 1890 et

818 1976 879 2017 51.
922 1975 1058 2017 25.—
1132 1971 1314 2003 warrant
1356 1977 1380 2003 a
1422 1965 1585 2004 textual
1635 1964 1801 2015 change
1849 1964 1891 2002 in
1940 1977 1965 2003 a

1128 2020 1254 2059 letter
1301 2020 1413 2058 from
1459 2021 1653 2059 Plancus.
1727 2020 1808 2059 See
1859 2020 1963 2059 Crit.

1130 2075 1603 2127 Append.—venire:
1666 2075 1740 2114 the
1788 2082 1960 2127 present

1133 2137 1178 2169 to
1209 2131 1396 2169 indicate
1427 2131 1521 2170 that
1553 2131 1607 2170 he
1637 2131 1721 2170 will
1751 2131 1886 2170 arrive
1917 2131 1959 2169 in

1134 2186 1207 2225 the
1228 2186 1478 2225 immediate
1498 2187 1656 2226 future.
1700 2187 1806 2226 This
1829 2199 1960 2237 usage

230 1966 283 2004 cf.
329 1966 428 2004 Sall.
475 1968 563 2004 Cat.
610 1976 670 2013 14.
713 1977 755 2016 33

230 2021 432 2060 nimium
470 2033 649 2072 saepe:
684 2021 727 2058 in
764 2020 836 2059 the
869 2033 953 2059 war
989 2020 1056 2059 be-

229 2084 367 2116 tween
409 2077 570 2115 Caesar
610 2075 696 2114 and
738 2077 941 2127 Pompey,
984 2075 1055 2114 the

233 2132 466 2183 Pompeian
488 2131 628 2170 forces
653 2144 760 2169 were
786 2131 912 2169 made
935 2144 991 2181 up
1013 2138 1057 2169 to

230 2200 256 2226 a
290 2195 408 2238 great
442 2193 589 2226 extent
623 2187 670 2225 of
709 2187 900 2231 recruits‚
935 2186 1058 2224 while

231 2243 304 2282 the
354 2243 586 2281 Caesarian
627 2249 777 2292 troops
822 2241 908 2280 had
950 2242 1059 2280 been

230 2297 443 2338 seasoned
482 2298 538 2350 by
569 2297 818 2349 campaigns
858 2297 900 2335 in
934 2298 1058 2336 Gaul.

232 2354 299 2393 Cf.
336 2354 415 2404 Ep.
458 2354 620 2392 XLIV.
655 2365 701 2401 23
744 2355 830 2391 Att.
872 2364 909 2402 7.
948 2364 994 2404 13
1018 2363 1059 2391 A.

233 2421 267 2455 2,
300 2410 392 2448 also
435 2410 559 2448 Caes.
608 2410 659 2447 B.
706 2410 749 2448 C.
793 2420 828 2460 3.
861 2420 1060 2457 4.—ex-

230 2472 418 2515 pertum
440 2466 675 2504 habemus
695 2478 702 2501 :
724 2464 793 2502 for
813 2465 978 2514 experti
996 2478 1062 2502 szc-

230 2534 352 2566 mus,·
375 2520 427 2558 cf.
455 2521 556 2558 Intr.
578 2520 632 2568 84
653 2521 691 2558 d.

286 2588 323 2624 4.
371 2575 629 2614 Africanus
670 2575 935 2614 exercitus:
978 2580 1061 2612 two

230 2631 395 2681 legions
419 2631 553 2669 under
584 2631 656 2669 the
678 2630 906 2669 command
930 2629 977 2668 of
1008 2630 1060 2678 Q.

232 2686 502 2731 Cornificius,
526 2699 740 2737 governor
761 2686 808 2724 of
835 2685 1063 2724 Africa.—

231 2742 441 2792 propius,
474 2748 573 2780 etc.:
624 2743 685 2779 i.e.
728 2741 850 2779 ‘that
891 2752 1061 2779 success

230 2810 316 2835 was
338 2798 472 2835 easier
493 2796 540 2834 of
560 2796 945 2846 accomplishment
970 2795 1060 2847 (lit.‚

231 2852 397 2902 nearer)
414 2852 516 2890 with
535 2851 734 2890 Caesar's
752 2856 932 2901 support
956 2851 1060 2888 than

230 2907 330 2945 with
373 2907 466 2945 that
503 2906 549 2944 of
590 2907 661 2944 the
694 2906 875 2944 African
916 2906 1061 2957 army.’

231 2962 324 3000 The
364 2962 519 3012 phrase
560 2962 686 3012 quod
729 2990 739 3000 .
782 2990 792 2999 .
836 2989 847 2999 .
889 2961 1059 3000 attinet

229 3030 369 3056 seems
400 3030 499 3068 very
531 3016 757 3062 awkward,
789 3016 867 3054 but
906 3017 941 3055 is
972 3029 1061 3066 per-

230 3072 338 3123 haps
361 3079 436 3110 not
470 3072 789 3122 objectionable
821 3072 991 3122 enough
1015 3077 1060 3110 to

1134 2242 1168 2281 is
1217 2241 1356 2280 found
1406 2242 1566 2295 mainly
1614 2242 1715 2281 with
1757 2242 1830 2281 the
1869 2243 1960 2281 first

1134 2310 1303 2348 person,
1326 2297 1411 2336 and
1438 2297 1540 2336 with
1572 2298 1645 2337 the
1679 2297 1795 2336 infin.
1818 2298 1860 2336 in
1888 2297 1960 2336 the

1133 2358 1237 2391 orat.
1280 2353 1354 2391 obl.
1414 2354 1708 2404 representing
1749 2353 1819 2392 the
1871 2353 1963 2391 first

1133 2421 1290 2459 person
1309 2407 1586 2459 (Andresen).
1598 2432 1652 2437 --
1667 2409 1726 2447 ad
1743 2409 1833 2447 alia
1849 2419 1963 2447 con-

1136 2464 1271 2503 silia:
1324 2466 1385 2502 tle.
1418 2464 1484 2502 his
1517 2463 1752 2516 candidacy
1790 2464 1859 2501 for
1890 2463 1962 2501 the

1134 2519 1396 2570 consulship.
1472 2519 1540 2557 Cf.
1583 2520 1685 2558 Intr.
1736 2530 1786 2567 42
1833 2518 1963 2569 (end).

1134 2598 1187 2603 —
1212 2575 1443 2614 Furnium
1485 2581 1742 2614 nostrum:
1794 2573 1847 2612 cf.
1885 2575 1963 2625 Ep.

1137 2631 1324 2668 XLVII.
1348 2644 1387 2668 n.

1194 2696 1228 2737 5.
1261 2686 1326 2723 mi
1357 2685 1543 2724 Cicero:
1577 2685 1629 2724 cf.
1653 2687 1716 2723 mi
1742 2685 1961 2735 Pomponi,

1136 2741 1214 2790 Ep.
1270 2741 1322 2778 X.
1374 2754 1414 2778 n.
1447 2764 1502 2768 —
1534 2740 1581 2779 in
1641 2740 1962 2779 familiaritate

1137 2796 1391 2834 Caesaris:
1448 2795 1500 2834 cf.
1551 2797 1597 2833 in
1646 2797 1832 2841 victoria,
1884 2796 1961 2845 Ep.

1136 2851 1281 2889 XCII.
1305 2863 1326 2888 2
1351 2864 1390 2888 n.
1443 2851 1535 2889 The
1551 2851 1766 2890 reference
1780 2851 1814 2889 is
1832 2856 1877 2889 to
1896 2851 1964 2898 Ju-

1133 2906 1214 2944 lius
1233 2907 1393 2944 Caesar
1408 2906 1521 2951 here,
1538 2912 1583 2944 to
1601 2906 1807 2944 Octavius
1825 2904 1963 2943 above

1136 2961 1213 3012 (ad
1239 2962 1462 3000 Caesaris
1481 2961 1726 3012 amorem).
1739 2960 1961 3011 ——quoad

1135 3045 1144 3054 .
1179 3045 1188 3054 .
1223 3045 1232 3054 .
1266 3017 1423 3067 potui:
1458 3017 1638 3055 Plancus
1667 3029 1745 3055 can
1776 3016 1962 3067 scarcely

1133 3071 1242 3110 have
1264 3073 1423 3110 known
1454 3072 1527 3110 the
1557 3069 1961 3124 nineteen-year-old
