2067 3332
94 142 213 181 Fam.
237 139 274 180 6.
301 139 385 192 14.]
666 139 946 180 CICERO'S
989 140 1278 180 LETTERS.
1766 140 1847 184 207

93 297 315 348 semper
343 279 580 331 maxime
611 279 793 341 dilexi,
820 287 939 330 tum
968 280 1206 331 fratrum
1236 288 1475 343 tuorum,
1503 299 1641 349 quos
1671 299 1846 350 aeque

92 379 260 439 atque
290 378 347 422 te
378 388 594 421 summa
633 370 1025 422 benevolentia
1069 388 1190 422 sum
1236 371 1575 439 compleXUS,
1609 372 1846 440 singula-

91 461 167 513 ris
205 461 384 528 pietas
428 478 692 528 amorque
734 460 1018 512 fraternus
1063 461 1277 512 nullum
1320 479 1408 513 me
1450 463 1660 529 patitur
1701 464 1846 516 offici

92 569 225 620 erga
268 559 326 603 te
375 551 636 618 studique
687 568 889 602 munus
946 559 1042 602 aut
1100 560 1324 619 tempus
1380 554 1840 620 praetermittere.

95 643 207 695 Sed
237 659 378 710 quae
406 642 608 694 faciam
638 642 982 710 fecerimque
1013 660 1111 710 pro
1141 651 1212 704 te,
1247 660 1314 694 ex
1345 644 1562 695 illorum
1602 653 1660 696 te
1702 645 1846 697 litte-

91 733 166 785 ris
196 751 360 801 quam
393 749 458 784 ex
487 733 628 784 meis
658 733 801 784 malo
834 750 1208 800 cognoscere;
1246 734 1377 801 quid
1407 743 1595 786 autem
1626 753 1843 803 sperem
1914 755 1917 756 ⁷

91 831 185 879 aut
225 824 499 876 confidam
543 831 599 875 et
643 823 992 890 exploratum
1035 824 1268 876 habeam
1313 826 1381 876 de
1425 825 1604 877 salute
1645 834 1756 889 tua,
1790 827 1843 878 id

90 915 194 967 tibi
223 933 254 966 a
282 932 370 966 me
400 915 668 966 declarari
698 915 838 967 vol0.
922 915 1068 966 Nam
1101 915 1148 966 si
1177 916 1470 983 quisquam
1501 924 1586 967 est
1616 917 1844 969 timidus

90 1006 148 1057 in
190 1006 407 1073 magnis
457 1006 899 1074 periculosisque
950 1007 1117 1058 rebus
1161 1023 1494 1074 semperque
1536 1008 1713 1075 magis
1757 1009 1845 1059 ad-

90 1114 281 1148 versos
321 1107 504 1148 rer'um
546 1097 727 1148 exitus
771 1105 1033 1149 metuens
1063 1115 1229 1164 quam
1274 1114 1504 1164 sperans
1549 1100 1840 1162 secundos,

91 1187 138 1240 is
169 1205 273 1255 ego
304 1206 427 1240 sum
467 1196 538 1250 et,
567 1188 613 1239 si
655 1188 760 1240 hoc
788 1188 1059 1250 vitiumst,
1095 1205 1159 1239 eo
1202 1205 1291 1239 me
1334 1206 1446 1240 non
1490 1206 1677 1241 carere
1720 1208 1846 1242 con·-

92 1279 267 1330 fiteor.
367 1280 489 1347 Ego
533 1279 679 1330 idern
722 1287 930 1342 tamen,
969 1297 1095 1332 curn
1137 1297 1183 1331 a.
1217 1281 1268 1332 d.
1299 1296 1337 1331 v
1366 1280 1437 1332 K.
1483 1280 1842 1333 intercalares

91 1370 303 1437 priores
367 1378 566 1437 rogatu
626 1371 862 1422 fratrum
921 1378 1145 1422 tuorum
1200 1371 1482 1422 venissem
1551 1389 1715 1423 mane
1776 1373 1844 1423 ad

94 1461 391 1512 Caesarem
432 1469 599 1529 atque
642 1478 865 1512 omnem
908 1462 1151 1512 adeundi
1192 1469 1247 1513 et
1291 1462 1660 1513 conveniendi
1698 1463 1844 1515 illius

93 1551 486 1619 indignitatem
518 1560 571 1603 et
607 1552 923 1603 molestiam
968 1552 1341 1620 pertulissem,
1375 1570 1501 1604 cum
1542 1553 1744 1605 fratres
1788 1562 1842 1605 et

91 1643 388 1711 propinqui
417 1643 501 1694 tui
531 1643 776 1695 iacerent
807 1644 875 1694 ad
917 1644 1088 1710 pedes
1133 1651 1188 1695 et
1231 1660 1336 1711 ego
1380 1660 1562 1695 essem
1604 1643 1840 1708 locutUS,

92 1751 232 1802 quae
270 1751 451 1796 causa,
485 1752 627 1802 quae
667 1742 828 1785 tuum
871 1742 1095 1802 tempus
1139 1735 1474 1802 postulabat,
1507 1752 1618 1786 non
1663 1735 1841 1787 solum

92 1841 158 1876 ex
186 1825 437 1876 oratione
474 1825 744 1888 Caesaris,
778 1842 920 1893 quae
959 1843 1094 1877 sane
1136 1825 1317 1877 mollis
1357 1834 1413 1877 et
1442 1826 1685 1877 liberalis
1715 1827 1838 1889 fuit,

1003 1968 1134 2018 prior
1146 1966 1232 2006 and
1253 1969 1410 2006 mensis
1430 1968 1700 2006 intercalaris
1710 1974 1844 2019 poste-

1012 2025 1116 2062 rior.
1168 2023 1236 2062 Cf.
1253 2024 1440 2062 Zeitreclz
1447 2037 1570 2074 ming
1578 2025 1617 2061 d.
1638 2025 1842 2063 Grieclzen

150 1978 184 2006 1.
236 1967 534 2018 exploratum
574 1968 782 2007 habeam
806 1981 815 2005 z
869 1966 922 2006 cf.

91 2024 316 2062 sollicitum
340 2023 502 2070 hahent,
528 2024 606 2074 Ep.
631 2024 705 2061 LI.
733 2035 747 2061 1
774 2036 814 2062 n.
838 2022 924 2062 and

94 2078 199 2117 Intr.
222 2078 275 2127 84
297 2080 334 2117 d.

150 2146 185 2173 2.
218 2147 260 2174 a.
292 2135 336 2174 d.
368 2148 413 2174 v,
454 2136 529 2183 K.,
564 2142 669 2174 etc.:
710 2137 772 2175 i.e.
806 2136 922 2174 Nov.

93 2189 146 2229 26
187 2190 322 2230 under
371 2191 444 2230 the
496 2190 569 2230 old
620 2191 832 2237 calendar,
874 2204 924 2230 or

94 2246 211 2298 Sept.
255 2259 305 2299 23
347 2247 484 2286 under
523 2247 598 2286 the
639 2260 747 2286 new.
827 2247 922 2286 The

93 2302 265 2341 Roman
291 2303 492 2342 calendar
512 2316 599 2342 was
630 2316 680 2342 so
710 2303 778 2342 far
807 2302 922 2341 from

91 2365 255 2397 correct
286 2365 331 2397 at
362 2359 449 2398 this
480 2359 595 2405 time,
624 2359 719 2398 that
756 2360 849 2408 Jan.
887 2370 919 2405 1,

91 2413 145 2462 46
185 2424 281 2461 B.c.‚
322 2427 444 2454 came
483 2415 527 2453 in
568 2415 640 2454 the
681 2415 840 2454 middle
876 2414 924 2453 of

90 2469 164 2508 the
232 2477 425 2509 autumn.
520 2471 626 2510 This
695 2478 807 2510 state
876 2470 924 2509 of

90 2525 237 2576 things
260 2526 423 2565 Caesar
444 2526 663 2566 remedied
693 2526 750 2579 by
771 2527 844 2566 the
864 2526 923 2564 in-

90 2582 253 2620 sertion
284 2582 331 2620 of
361 2594 416 2633 90
437 2589 559 2621 extra
588 2582 693 2635 days
723 2583 816 2621 into
847 2582 922 2621 the

91 2649 191 2689 year
230 2637 284 2686 46
322 2648 402 2677 B.c.
464 2638 559 2677 The
600 2652 699 2691 year
737 2638 791 2688 46
824 2650 922 2677 con-

90 2692 249 2739 tained,
272 2692 504 2739 therefore,
526 2705 606 2747 445
629 2693 747 2747 days.
794 2694 923 2733 After

91 2748 164 2787 the
195 2750 456 2788 Terminalia
475 2749 598 2799 (Feb.
619 2755 702 2802 23),
721 2763 772 2789 an
796 2750 923 2788 inter-

90 2804 232 2857 calary
262 2805 415 2843 month
447 2805 495 2843 of
529 2817 580 2856 23
611 2805 715 2858 days
746 2819 833 2844 was
864 2806 922 2844 in-

90 2859 246 2906 serted,
261 2860 347 2898 and
361 2860 554 2899 between
570 2861 821 2900 November
835 2860 921 2899 and

91 2915 334 2954 December
356 2922 441 2954 two
463 2916 721 2969 intercalary
742 2917 920 2956 months

89 2983 199 3010 were
219 2970 410 3010 inserted
440 2972 691 3022 containing
721 2972 922 3022 together

89 3025 139 3075 67
164 3026 280 3078 days.
342 3027 485 3066 These
514 3027 689 3066 months
711 3040 820 3066 were
842 3027 922 3066 dis-

90 3081 338 3132 tinguished
375 3095 422 3121 as
454 3084 609 3123 mensis
649 3084 920 3124 intercalaris

1011 2093 1052 2117 u.
1070 2081 1228 2117 Reimer
1243 2079 1300 2131 by
1316 2093 1401 2117 von
1422 2080 1571 2129 Unger
1587 2079 1629 2117 in
1649 2080 1841 2119 Miiller's

1011 2136 1269 2181 Handbuclz,
1311 2136 1344 2173 Ι.
1381 2135 1463 2174 816
1491 2135 1747 2174 f.—mane
1782 2136 1841 2175 ad

1012 2192 1302 2230 Caesarem:
1335 2191 1387 2230 cf.
1420 2192 1508 2229 Att.
1545 2202 1605 2239 14.
1634 2203 1666 2229 1.
1693 2203 1712 2229 2
1744 2205 1838 2229 cum

1010 2248 1122 2285 Sesti
1141 2253 1290 2298 rogatu
1311 2248 1430 2297 apud
1453 2261 1545 2285 eum
1567 2248 1750 2298 fitissem
1775 2261 1842 2285 ex-

1011 2308 1317 2354 spectaremqne
1337 2303 1481 2341 sedens
1499 2303 1641 2354 quoad
1656 2316 1840 2349 vocarer,

1009 2360 1168 2397 dixisse
1207 2372 1300 2397 eum
1318 2371 1332 2397 .·
1369 2363 1378 2380 ⁴
1393 2360 1486 2409 Ego
1518 2359 1696 2397 dubitem
1734 2360 1840 2409 quin

1009 2428 1174 2453 summo
1197 2416 1244 2452 in
1266 2416 1357 2453 odio
1377 2416 1471 2461 sim,
1493 2428 1586 2452 cum
1608 2415 1673 2453 M.
1701 2415 1841 2453 Cicero

1009 2472 1149 2509 sedeat
1172 2485 1243 2510 nec
1266 2484 1341 2508 suo
1370 2471 1579 2508 commodo
1609 2485 1674 2509 me
1703 2484 1841 2509 conve-

1011 2528 1105 2564 nire
1115 2527 1286 2576 possit?
1298 2526 1307 2543 '
1359 2526 1503 2565 These
1526 2532 1611 2564 two
1633 2538 1839 2576 passages

1010 2582 1197 2621 indicate
1219 2595 1244 2620 a
1265 2588 1380 2621 most
1402 2582 1643 2632 significant
1675 2581 1839 2632 change

1010 2638 1052 2676 in
1071 2638 1143 2676 the
1162 2637 1236 2676 old
1260 2639 1430 2676 Roman
1453 2639 1663 2675 salutatio.
1697 2637 1838 2677 There

1008 2693 1044 2733 is
1067 2706 1163 2732 now
1177 2707 1260 2732 one
1272 2700 1485 2743 patronus
1498 2700 1587 2742 par
1601 2694 1836 2739 excellence,

1009 2749 1087 2788 viz.
1122 2750 1296 2795 Caesar,
1329 2748 1414 2787 and
1446 2749 1501 2787 all
1544 2750 1736 2787 Romans
1767 2762 1838 2788 are

1008 2805 1076 2844 his
1097 2806 1275 2851 clientes,
1299 2805 1407 2850 who,
1427 2804 1619 2843 whether
1638 2804 1838 2855 plebeian

1009 2874 1058 2899 or
1079 2862 1316 2906 aristocrat‚
1340 2867 1454 2899 must
1477 2860 1575 2898 wait
1598 2860 1709 2898 their
1740 2866 1838 2899 turn

1008 2916 1050 2954 in
1093 2916 1158 2955 his
1190 2915 1498 2954 antechamber
1540 2915 1836 2968 (exspectarem

1007 2972 1182 3021 sedens),
1225 2971 1309 3009 and
1355 2971 1457 3010 seek
1498 2971 1644 3010 favors
1687 2978 1730 3010 at
1770 2971 1837 3010 his

1007 3027 1146 3065 hands
1178 3026 1233 3078 by
1254 3027 1326 3065 the
1349 3033 1465 3065 most
1487 3026 1629 3076 abject
1652 3027 1770 3076 signs
1792 3027 1839 3065 of

1008 3082 1271 3123 submission
1300 3082 1528 3135 (iacerent
1561 3083 1619 3122 ad
1651 3082 1837 3135 pedes).

1877 1307 1899 1334 2
