2067 3332
149 163 152 166 *
210 193 281 233 164
730 179 735 185 '
771 193 1048 232 CICERo’s
1091 193 1378 232 LETTERS.
1660 193 1943 245 [Ep.XLVI.

207 332 409 383 reverti
441 332 705 384 Formias
795 333 952 383 Haec
991 339 1048 383 te
1088 332 1229 384 scire
1258 331 1407 382 volui
1449 332 1753 399 scripsique
1796 334 1945 384 seda-

207 422 348 473 tiore
401 422 584 473 animo
626 439 787 489 quam
831 422 1078 488 proxime
1121 421 1465 488 scripseram,
1511 422 1720 472 nullum
1762 439 1944 473 meum

207 511 469 563 iudicium
512 512 892 578 interponenS,
926 513 1023 562 sed
1066 511 1362 579 exquirens
1405 519 1576 564 tuum.

761 712 972 764 XLVI.
1034 712 1167 782 (Aet.
1203 715 1251 763 8.
1292 712 1396 779 13.)

742 852 971 891 CICERO
1013 852 1244 891 ATTrco
1287 852 1411 891 SAL.
1447 833 1459 836 ”

289 963 663 1031 Lippitudinis
706 980 863 1014 meae
905 963 1124 1030 signum
1150 963 1269 1031 *tibi
1311 963 1383 1014 sit
1425 963 1612 1015 librari
1653 981 1848 1015 manus
1891 973 1945 1015 et

207 1056 400 1106 eadem
444 1071 609 1105 causa
648 1054 951 1114 brevitatiS,
984 1054 1091 1104 etsi
1133 1071 1280 1105 nunc
1310 1053 1530 1121 quidem
1560 1054 1704 1121 quod
1746 1055 1945 1106 scribe-

208 1162 322 1196 rem
378 1144 513 1195 nihil
575 1152 706 1195 erat.
819 1143 1018 1195 Omnis
1076 1126 1418 1210 exspectatio
1474 1152 1666 1195 nostra
1719 1153 1835 1195 erat
1890 1146 1945 1195 in

208 1235 420 1286 nuntiis
490 1234 855 1285 Brundisinis.
944 1233 1004 1285 Si
1057 1241 1253 1285 nactus
1315 1234 1404 1285 hic
1473 1241 1624 1285 esset
1693 1233 1943 1286 Gnaeum

208 1333 474 1385 nostrum,
522 1341 649 1391 spes
705 1324 871 1375 dubia
925 1324 1092 1390 paciS,
1141 1324 1226 1374 sin
1282 1323 1372 1374 ille
1421 1331 1551 1375 ante
1597 1324 1942 1386 tramisisset,

209 1415 430 1467 exitiosi
471 1415 601 1466 belli
642 1422 842 1466 metus,
941 1414 1052 1465 Sed
1095 1414 1322 1465 videsne
1363 1414 1418 1464 in
1461 1430 1623 1481 quem
1666 1414 1943 1465 hominem

210 1505 466 1557 inciderit
497 1522 584 1555 res
619 1505 881 1571 publica?
938 1521 1100 1570 quam
1143 1513 1380 1565 acutum,
1414 1521 1574 1571 quam
1607 1504 1943 1572 vigilantem,

160 1623 162 1625 ·
209 1613 371 1663 quam
401 1595 692 1661 paratum?
777 1594 837 1646 Si
865 1594 1180 1645 mehercule
1218 1594 1496 1645 neminem
1540 1594 1801 1645 occiderit
1844 1612 1946 1646 nec

211 1686 465 1752 cuiquam
508 1685 798 1751 quicquam
842 1684 1125 1745 ademerit,
1172 1685 1240 1735 ab
1295 1684 1361 1734 iis
1403 1684 1497 1751 qui
1545 1700 1669 1735 eum
1712 1684 1946 1735 maxime

212 1776 509 1826 timuerant
552 1774 788 1824 maxime
817 1774 1096 1841 diligetur.
1182 1774 1420 1824 Multum
1464 1790 1681 1825 mecum
1723 1774 1949 1825 munici-

1792 1864 1946 1914 Nihil

211 1972 434 2022 prorsus
465 1954 611 2005 aliud
651 1962 845 2005 curant
889 1954 995 2005 nisi
1037 1971 1214 2021 agros,
1249 1953 1355 2004 nisi
1383 1953 1615 2014 villulaS,
1648 1953 1755 2004 nisi
1796 1971 1947 2004 num-

664 2045 737 2094 Et
780 2044 905 2094 vide
947 2061 1109 2110 quam
1166 2060 1433 2095 conversa
1486 2060 1574 2094 res
1623 2051 1741 2094 est:
1795 2043 1946 2093 illum

213 2152 318 2202 quo
373 2142 536 2185 antea
591 2134 943 2185 confidebant
1011 2141 1283 2194 metuunt,
1345 2133 1491 2184 hunc
1545 2141 1730 2184 amant
1785 2150 1945 2200 quem

211 1865 362 1932 pales
418 1865 669 1915 homines
725 1864 1041 1931 loquuntur,
1099 1864 1333 1914 multum
1402 1864 1681 1915 rusticani.

212 2045 389 2096 mulos
434 2061 578 2095 suos,

269 2253 432 2290 XLVI.
450 2252 658 2296 Formiae,
672 2251 821 2289 March
841 2262 873 2296 1,
889 2262 941 2301 49
954 2260 1035 2289 B.C.

273 2320 305 2346 1.
337 2307 496 2346 librari
528 2319 729 2345 manus:
767 2306 818 2344 cf.
845 2307 947 2344 Intr.
971 2305 1035 2354 64.

212 2387 267 2392 —
286 2363 363 2401 hic
386 2377 392 2399 :
444 2365 504 2400 ἵζε.
552 2363 722 2400 Caesar.
741 2386 795 2389 —
816 2362 891 2400 ille
916 2377 923 2400 :
974 2363 1035 2399 i.e.

216 2420 416 2469 Pompey.
436 2441 488 2444 —
506 2417 794 2455 tramisisset
818 2432 825 2454 ε
870 2431 922 2455 sc.
964 2416 1037 2455 the

1126 2251 1251 2290 vide.
1314 2250 1380 2289 Cf.
1403 2251 1479 2289 lzoc
1508 2251 1566 2288 sis
1588 2250 1658 2303 (=
1670 2252 1708 2288 si
1735 2250 1816 2300 vis)
1841 2250 1945 2294 vide,

1125 2312 1173 2344 ut
1203 2307 1314 2345 alias
1346 2319 1412 2344 res
1444 2311 1590 2356 agunt,
1626 2305 1761 2343 Plaut.
1796 2306 1944 2343 Pseud.

1129 2371 1215 2413 152.
1260 2362 1340 2400 See
1361 2361 1452 2400 also
1477 2362 1581 2399 Intr.
1596 2359 1650 2408 84
1669 2374 1694 2398 a
1712 2359 1796 2398 and
1817 2373 1942 2411 quam

1123 2417 1325 2455 sollicitus
1354 2430 1461 2461 sum,
1496 2417 1573 2466 Ep.
1607 2416 1819 2454 XLVIII.
1855 2427 1869 2453 1
1906 2428 1944 2452 n.

215 2474 645 2523 Adriatic—quam
688 2479 896 2519 acutum,
939 2479 1035 2510 etc.:

215 2529 261 2567 of
287 2541 437 2567 course
459 2528 715 2578 descriptive
739 2527 786 2565 of
818 2528 990 2566 Caesar.

273 2596 306 2621 2.
328 2584 530 2630 villulas,
547 2582 839 2622 nummulos:
858 2582 909 2620 cf.
931 2583 1034 2620 Intr.

215 2639 515 2689 76.——quam
557 2649 787 2676 conversa
824 2650 900 2676 res
938 2644 1036 2676 est:

215 2695 256 2732 in
291 2695 467 2732 Plautus
499 2694 571 2731 the
595 2693 824 2732 indicative
845 2706 930 2731 was
960 2693 1038 2730 fre-

216 2750 391 2801 quently
416 2748 520 2787 used
549 2749 591 2787 in
623 2749 736 2786 what
761 2761 877 2787 seem
909 2755 953 2786 to
985 2747 1038 2786 be

214 2804 334 2842 indir.
377 2804 612 2855 questions,
659 2804 885 2855 especially
929 2803 1039 2841 after

216 2860 374 2898 certain
423 2859 696 2909 imperatives
741 2858 825 2896 and
863 2859 1038 2908 impera-

216 2915 301 2953 tive
331 2915 554 2966 questions
588 2913 659 2963 (cf.
692 2914 882 2952 Morris’s
916 2915 1037 2951 Psen-

215 2971 345 3013 dolns,
379 2983 415 3006 v.
451 2969 541 3013 262,
571 2968 655 3006 and
688 2969 736 3006 E.
771 2968 943 3012 Becker,
972 2969 1039 3005 De

216 3027 401 3073 Sputaxz'
430 3025 816 3073 Interrogatiomtm
846 3024 1039 3073 Obliqua-

217 3093 328 3122 rum,
365 3080 478 3125 etc.).
541 3079 590 3116 In
632 3078 716 3116 this
756 3091 937 3127 passage
978 3090 1039 3115 we

217 3134 325 3172 have
348 3146 373 3171 a
389 3133 576 3171 survival
596 3133 643 3169 of
666 3133 756 3170 that
782 3145 909 3182 usage
932 3132 1042 3170 after

1123 2473 1334 2510 —hunc:
1356 2473 1417 2509 z'.e.
1440 2472 1668 2510 Caesarem.
1713 2470 1807 2509 The
1828 2477 1947 2521 petty

1123 2526 1280 2565 landed
1319 2527 1583 2577 proprietors
1624 2524 1709 2563 had
1759 2524 1946 2564 dreaded

1126 2582 1288 2620 Caesar
1321 2581 1506 2620 because
1542 2580 1588 2619 of
1627 2581 1693 2619 his
1728 2579 1947 2631 supposed

1124 2637 1442 2688 revolutionary
1462 2636 1703 2687 principles,
1725 2636 1791 2674 his
1815 2635 1948 2686 previ-

1125 2705 1203 2730 ous
1226 2699 1537 2742 extravagance
1564 2690 1649 2729 and
1678 2690 1947 2742 bankruptcy

1124 2747 1166 2785 in
1191 2749 1343 2792 Rome,
1358 2747 1424 2785 his
1440 2747 1601 2784 former
1621 2745 1810 2796 political
1832 2758 1947 2784 asso-

1125 2803 1268 2846 ciates,
1299 2801 1384 2840 and
1415 2802 1480 2840 his
1512 2808 1684 2852 present
1718 2800 1945 2839 followers.

1126 2858 1193 2895 Cf.
1213 2858 1449 2902 multitudo,
1470 2858 1546 2907 Ep.
1567 2856 1703 2894 XLV.
1721 2867 1745 2904 4
1761 2868 1801 2893 n.
1853 2854 1946 2893 The

1124 2912 1255 2951 dread
1291 2912 1338 2950 of
1378 2912 1498 2950 these
1533 2911 1687 2962 people
1722 2909 1807 2948 had
1837 2909 1944 2949 been

1125 2967 1277 3006 turned
1306 2968 1398 3005 into
1429 2966 1631 3005 affection
1662 2966 1716 3017 by
1746 2965 1818 3004 the
1848 2978 1945 3015 gen-

1126 3023 1284 3073 erosity
1324 3022 1423 3060 with
1465 3021 1601 3060 which
1652 3021 1812 3059 Caesar
1861 3019 1945 3057 had

1127 3076 1294 3115 treated
1317 3077 1389 3114 the
1410 3076 1672 3114 inhabitants
1694 3075 1741 3113 of
1762 3075 1833 3113 the
1855 3087 1947 3123 cap-

1131 3131 1253 3170 tured
1274 3138 1410 3170 towns
1435 3131 1504 3183 (cf.
1529 3131 1652 3169 Caes.
1671 3131 1722 3168 B.
1746 3131 1788 3169 C.
1810 3130 1841 3167 I.
1867 3140 1944 3166 21-
