2067 3332
199 202 276 242 188
763 205 1038 244 CICERO’S
1081 206 1368 246 LETTERS.
1689 207 1789 259 [Ep.
1812 208 1924 247 LXI.

196 343 357 393 video
385 344 529 410 quod
563 344 804 405 timeam,
839 344 945 395 nisi
975 346 1121 411 quod
1155 346 1339 396 omnia
1373 353 1504 396 sunt
1547 345 1772 407 ineerta,
1806 364 1929 398 eum

197 450 228 483 a
268 433 385 484 iure
426 434 733 484 discessum
777 442 878 495 est,
924 451 1027 486 nee
1082 435 1350 501 praestari
1391 435 1682 502 quiequam
1724 443 1926 502 potest,

197 523 355 589 quale
391 523 640 574 futurum
677 523 747 573 sit
786 525 932 590 quod
974 525 1216 590 positum
1260 532 1345 576 est
1389 524 1444 575 in
1487 525 1712 576 alterius
1741 526 1929 577 volun-

196 621 326 674 tate,
360 629 431 663 ne
473 613 649 664 dicam
694 613 937 666 libidine.
1025 614 1135 665 Sed
1177 622 1364 665 tamen
1407 614 1523 665 eius
1567 614 1740 681 ipsius
1783 615 1933 667 nulla

197 720 255 754 re
283 720 313 753 a
341 719 430 753 me
465 704 714 754 offensus
754 711 839 754 est
881 704 1122 766 animus3
1168 712 1252 755 est
1297 704 1441 755 enim
1483 704 1731 756 adhibita
1772 705 1827 755 in
1869 722 1934 757 ea

197 810 254 843 re
284 794 404 859 ipsa
433 810 646 844 summa
674 811 705 844 a
733 794 892 845 nobis
924 795 1243 846 moderatio,

196 884 381 934 trabar
425 900 549 934 esse
598 900 781 934 meum
827 883 999 935 libere
1043 884 1208 952 loqui,
1258 884 1413 936 cuius
1462 900 1628 950 opera
1677 892 1825 935 esset
1876 885 1932 935 in

198 973 421 1024 civitate
463 973 708 1034 libertas,
754 973 832 1026 sic
874 991 938 1025 ea
979 991 1126 1025 nunc
1167 974 1371 1026 amissa
1411 974 1547 1024 nihil
1589 974 1738 1041 loqui
1786 975 1931 1042 quod

197 1064 444 1114 offendat
487 1071 580 1114 aut
636 1063 780 1114 illius
836 1072 928 1114 aut
979 1081 1168 1115 eorum
1223 1064 1315 1131 qui
1363 1065 1431 1115 ab
1486 1063 1578 1115 illo
1626 1064 1933 1131 diliguntur

197 1154 552 1205 voluntatem.
659 1154 928 1221 Effugere
982 1162 1168 1205 autem
1224 1154 1269 1205 si
1320 1154 1485 1205 velim
1540 1154 1930 1205 nonnullorum

197 1252 357 1294 acute
387 1253 478 1294 aut
508 1244 689 1295 facete
719 1244 991 1295 dictorum
1022 1244 1357 1311 opinionem,
1388 1244 1537 1295 fama
1566 1244 1756 1311 ingeni
1799 1244 1933 1294 mihi

198 1341 283 1384 est
325 1334 628 1395 abicienda,
673 1335 834 1401 quod,
880 1334 927 1385 si
968 1350 1205 1401 possem,
1251 1351 1363 1385 non
1407 1351 1733 1385 recusarem.
1821 1333 1930 1385 Sed

197 1432 384 1474 tamen
414 1424 530 1489 ipse
570 1423 775 1475 Caesar
815 1424 982 1474 habet
1025 1441 1249 1490 peracre
1292 1424 1568 1485 iudicium,
1602 1431 1673 1485 et,
1706 1431 1765 1474 ut
1811 1423 1932 1474 Ser-

197 1514 333 1575 viUS,
378 1514 551 1564 frater
597 1522 743 1575 tuus,
788 1531 950 1581 quem
1005 1513 1473 1565 litteratissimum
1515 1514 1691 1565 fuisse
1733 1514 1929 1574 iudico,

197 1604 359 1655 facile
408 1604 614 1655 diceret
674 1604 818 1655 ‘Hic
865 1621 1058 1655 versus
1116 1604 1292 1654 Plauti
1346 1621 1456 1654 non
1506 1611 1607 1664 est,
1665 1604 1752 1654 hic
1808 1602 1928 1664 est‚’

198 1695 342 1761 quod
373 1694 530 1744 tritas
561 1694 705 1744 auris
735 1694 964 1745 haberet
1003 1693 1262 1745 notandis
1305 1694 1602 1760 generibus
1645 1701 1930 1760 poetarum

199 1793 253 1834 et
284 1784 688 1835 consuetudine
717 1784 954 1851 legendi,
989 1784 1067 1835 sio
1096 1784 1259 1834 audio
1290 1783 1598 1844 Caesarem,
1633 1800 1757 1834 curn
1785 1782 1933 1833 volu-

198 1875 347 1925 mina
387 1874 495 1924 iam
538 1874 840 1925 confecerit
884 1871 1345 1939 ἀποφθεγμάτων,
1380 1873 1426 1924 si
1468 1874 1612 1940 quod
1654 1873 1934 1923 adferatur

199 1965 266 2015 ad
308 1981 433 2015 eum
476 1982 574 2031 pro
617 1981 754 2025 me0‚
787 1965 930 2031 quod
973 1981 1157 2015 meum
1199 1981 1309 2014 non
1354 1963 1691 2024 sit,vreicere
1733 1962 1931 2024 solere3

1326 795 1403 845 Vt
1440 794 1587 845 enim
1627 794 1756 845 olim
1796 795 1932 846 arbi·
1963 798 1968 801 ’

256 2130 293 2169 3.
325 2118 462 2157 cuius
493 2129 637 2168 opera
658 2133 665 2156 :
697 2132 748 2156 sc.
770 2117 812 2155 in
834 2117 907 2156 the
928 2130 1024 2168 sup-

200 2173 393 2224 pression
426 2173 473 2211 of
513 2174 583 2211 the
616 2172 895 2211 Catilinarian
928 2185 1024 2211 con-

201 2228 379 2280 spiracy.

256 2296 292 2332 4.
327 2284 549 2322 Servius:
575 2283 662 2321 Ser.
687 2282 906 2328 Claudius,
929 2295 1024 2321 son-

200 2339 340 2377 in-law
361 2338 407 2376 of
437 2339 508 2376 the
537 2340 705 2376 Roman
736 2338 1023 2388 grammarian

203 2395 251 2432 L.
271 2394 420 2432 Aelius
444 2395 552 2432 Stilo
579 2393 647 2443 (cf.
669 2394 785 2432 Suet.
804 2394 852 2431 de
877 2395 1022 2431 Gram.

203 2450 259 2500 3),
300 2448 385 2487 and
425 2462 451 2487 a
489 2449 755 2487 well-known
801 2448 940 2487 editor
980 2448 1026 2485 of

204 2504 381 2543 Plautus
402 2503 471 2554 (cf.
490 2505 588 2542 Aul.
608 2504 715 2542 Gell.
736 2515 771 2554 3.
796 2516 831 2555 3.
858 2503 910 2554 1).
955 2504 1025 2541 He

201 2572 286 2598 was
309 2560 381 2597 the
408 2560 558 2597 cousin
590 2572 638 2597 or
668 2559 951 2597 half-brother
980 2558 1026 2596 of

206 2616 360 2653 Paetus
385 2614 454 2666 (cf.
479 2617 564 2652 Att.
592 2625 623 2652 1.
649 2626 710 2652 20.
735 2626 754 2663 7
779 2630 787 2661 ;
822 2626 855 2652 2.
884 2626 916 2651 1.
943 2614 1023 2662 12).

201 2693 254 2697 —
275 2670 498 2708 notandis
549 2670 806 2720 generibus
857 2676 1024 2720 poeta-

202 2737 335 2763 rum:
367 2726 430 2764 i.e.
451 2724 506 2776 by
533 2725 725 2775 noticing
755 2725 827 2762 the
858 2725 1024 2762 charac-

203 2780 383 2818 teristics
412 2780 459 2818 of
489 2780 561 2818 the
593 2779 791 2818 different
821 2786 1025 2829 poets.-—

201 2833 577 2886 ἀποῲθεγμάτωνε
629 2836 722 2873 that
773 2835 933 2872 Caesar
980 2834 1022 2872 in

203 2890 268 2928 his
308 2891 443 2942 youth
484 2890 608 2928 made
648 2903 673 2928 a
712 2890 940 2928 collection
981 2888 1027 2926 of

204 2946 439 2984 witticisms
479 2958 540 2984 we
580 2945 709 2983 know
747 2945 857 2982 from
906 2946 1022 2983 Suet.

204 3001 288 3037 lul.
325 3000 373 3052 56
395 3001 610 3051 feruntur
637 3007 677 3038 et
703 3014 728 3037 a
751 3007 886 3049 puero
914 3005 952 3037 et
977 2999 1026 3036 ab

202 3056 511 3094 adulescentulo
540 3056 745 3106 quaedam
778 3056 946 3104 scripta,
979 3060 1027 3091 ut

208 3109 375 3148 Laudes
415 3110 627 3155 Herculis,
658 3111 867 3159 tragoedia
901 3108 1025 3147 Oedi-

1109 2130 1203 2168 pus,
1225 2119 1320 2155 item
1346 2117 1475 2155 Dicta
1506 2116 1800 2165 Collectanea;
1830 2129 1932 2167 quos

1109 2186 1249 2211 omnes
1268 2172 1426 2210 libellos
1446 2173 1578 2210 vetuit
1597 2173 1817 2221 Augustus
1830 2172 1932 2222 pub—

1108 2229 1237 2266 licari
1273 2229 1320 2265 in
1365 2228 1553 2276 epistula,
1594 2240 1718 2277 quam
1770 2227 1927 2264 brevem

1108 2283 1333 2321 admodum
1366 2297 1413 2320 ac
1450 2283 1677 2331 simplicem
1717 2283 1778 2320 ad
1813 2282 1929 2318 Pom-

1101 2340 1246 2387 peium
1298 2339 1514 2382 Macrum,
1555 2338 1625 2374 cui
1669 2337 1932 2374 ordinandas

1109 2394 1367 2431 bibliothecas
1416 2392 1686 2443 delegaverat,
1738 2392 1861 2428 misit.
1877 2413 1931 2418 —

1111 2444 1236 2499 quod
1278 2459 1439 2486 meum
1481 2459 1576 2485 non
1619 2447 1680 2485 sit
1704 2461 1712 2484 :
1762 2445 1816 2484 cf.
1848 2452 1932 2496 pro

1111 2505 1258 2542 Plane.
1277 2514 1327 2554 35
1344 2503 1456 2553 quod
1472 2504 1646 2553 quisque
1665 2502 1785 2547 dixit,
1805 2514 1869 2538 me
1889 2501 1937 2538 id

1110 2560 1268 2597 dixisse
1297 2560 1445 2596 dicunt
1468 2587 1476 2594 .
1500 2586 1507 2594 .
1533 2587 1541 2595 .
1567 2557 1813 2601 stomachor,
1837 2568 1929 2593 cum

1109 2615 1293 2652 aliorum
1319 2626 1401 2650 non
1432 2626 1496 2650 me
1514 2613 1643 2662 digna
1675 2613 1720 2649 in
1752 2625 1815 2649 me
1842 2623 1931 2648 con-

1097 2670 1346 2720 feruntur,·
1377 2669 1496 2706 Fam.
1520 2678 1556 2716 7.
1581 2678 1643 2717 32.
1675 2677 1689 2704 1
1720 2667 1784 2704 ais
1805 2667 1930 2710 enim,

1110 2729 1159 2761 ut
1185 2737 1252 2773 ego
1278 2724 1532 2761 discesserim
1560 2722 1622 2772 (to
1645 2721 1826 2771 Cilicia),
1850 2733 1929 2758 om-

1110 2780 1183 2817 nia
1215 2780 1401 2816 omnium
1435 2779 1544 2816 dicta
1575 2806 1582 2813 .
1606 2806 1614 2813 .
1639 2806 1646 2813 .
1676 2778 1721 2813 in
1752 2789 1816 2814 me
1844 2788 1932 2813 con-

1096 2834 1229 2884 ferri.
1292 2833 1443 2880 Quid?
1483 2838 1527 2870 tu
1553 2833 1602 2870 id
1618 2833 1781 2881 pateris
1797 2831 1816 2869 ?
1847 2843 1931 2868 non

1112 2902 1176 2926 me
1189 2889 1373 2939 defendis
1388 2888 1407 2926 ?
1428 2900 1513 2926 non
1531 2888 1689 2924 resistis
1703 2886 1722 2924 ?
1741 2886 1928 2936 equidem

1110 2944 1325 2993 sperabam
1361 2944 1417 2980 ita
1454 2947 1594 2980 notata
1619 2955 1683 2978 me
1714 2941 1934 2991 reliquisse

1104 3012 1260 3048 genera
1310 2999 1515 3036 dictorum
1562 3009 1748 3034 meorum
1792 3001 1840 3032 ut
1876 3007 1933 3032 co-

1105 3054 1252 3103 gnosci
1279 3066 1353 3090 sua
1378 3057 1520 3101 sponte
1532 3056 1711 3101 possent.
1773 3049 1831 3087 Of
1861 3048 1933 3088 the

1112 3109 1189 3146 ioci
1227 3108 1440 3146 Ciceronis
1478 3107 1519 3144 in
1560 3105 1669 3144 their
1706 3103 1933 3155 published
