2067 3332
585 137 885 176 CRITICAL
926 138 1260 176 APPENDIX.
1716 139 1795 180 305

81 292 102 320 2
125 285 175 320 at
197 288 289 330 ego
312 275 355 315 ei
378 276 424 315 M
481 281 529 314 at
550 289 618 327 ego
639 281 679 314 et
702 276 792 313 HD
813 289 884 325 ego

188 335 227 373 ei
249 331 518 383 Wesenberg
574 333 661 382 lego
681 333 719 370 ei
741 332 854 369 Boot

78 403 103 440 4
134 401 279 442 quarn
302 395 405 428 tum
430 388 471 426 D
530 393 740 440 quantum
768 388 862 425 MH

81 457 101 500 5
133 445 350 485 conlecta
383 445 429 483 M
488 444 712 496 confectam
739 443 884 482 Baiter

188 505 370 540 contecta
394 499 620 539 Gitlbauer

134 558 295 598 fucata
320 556 411 594 HD
458 556 633 608 fitgatz'a
657 555 703 594 M
751 556 883 608 fuga-

187 614 250 653 cia
274 613 307 650 Σ

134 668 373 708 existima.

187 725 321 763 verim
348 724 393 762 M

454 669 638 708 Verum
673 668 884 706 existima-

129 851 217 893 EP.
244 849 432 892 XCVII
464 850 628 907 (Fam.
659 861 726 891 11.
751 850 803 907 9)

82 962 97 989 1
135 950 351 990 elabatur
375 947 441 987 Η2
497 949 741 988 elaboratur
766 946 883 987 MH1

190 1006 425 1044 elaboretur
446 1005 486 1042 D

82 1074 102 1101 2
136 1061 620 1114 persuasissimumst
647 1062 884 1110 persuasis-

189 1119 346 1156 simum
369 1122 408 1155 et
427 1117 473 1155 M
513 1122 608 1167 per.
626 1122 685 1155 est
706 1117 746 1154 D
788 1122 883 1167 per.

188 1174 246 1212 sit
268 1173 311 1212 H

96 1300 183 1342 ΕΡ.
210 1298 429 1342 XCVIII
461 1300 626 1357 (Fam.
657 1311 725 1341 10.
757 1300 835 1357 15)

83 1412 105 1439 2
137 1400 307 1439 decem
329 1400 502 1438 sescenti
530 1400 579 1437 E.
605 1398 774 1439 Schelle

138 1456 309 1507 optimi
330 1456 483 1506 optime
505 1456 551 1493 M

138 1512 467 1552 adiuvandum
511 1511 555 1549 H

197 1569 289 1607 MD

82 1636 106 1677 3
137 1624 250 1676 quid
276 1624 366 1662 HD
425 1625 503 1675 qui
523 1624 569 1662 M

139 1692 249 1720 meo
273 1681 318 1718 M
378 1693 467 1719 meo
488 1681 727 1718 Antonium
755 1679 888 1718 Orelli

193 1749 282 1776 meo
312 1738 533 1788 perditum
572 1736 784 1775 hominem
822 1736 888 1787 (or

192 1793 420 1844 latronem)
455 1791 696 1838 Lehmann,
726 1791 816 1838 but,
840 1804 888 1830 as

193 1848 458 1898 illustrating
487 1847 560 1886 the
596 1847 806 1886 omission
842 1847 889 1886 of

194 1904 267 1943 the
303 1916 460 1955 proper
495 1916 634 1949 name,
673 1903 889 1942 Mendels-

195 1960 308 1999 sohn
344 1972 572 2010 compares
610 1959 728 1998 Cael.
765 1960 885 1997 Fam.

194 2015 232 2055 8.
268 2015 308 2055 8.
345 2027 369 2064 4
397 2017 531 2066 plane
552 2021 770 2066 perspecta
811 2016 887 2054 Cn.

196 2073 374 2122 Pompei
391 2072 605 2110 voluntate
621 2072 667 2108 in
682 2085 771 2109 eam
787 2077 890 2121 par-

195 2133 289 2173 tem,
322 2133 371 2165 ut
398 2140 491 2166 eum
528 2127 607 2178 (i.e.
645 2126 885 2177 Caesarem)

195 2183 385 2222 decedere
433 2188 533 2233 post
585 2183 644 2220 K.
700 2183 890 2220 splartias

186 2240 384 2289 placeret.

614 1512 884 1550 adlzcandum

139 2364 226 2405 ΕΡ.
253 2364 418 2406 XCIX
446 2363 610 2421 (Fam.
642 2375 709 2405 11.
741 2365 819 2421 12)

119 2464 176 2502 D.
203 2465 354 2503 Bruto
390 2463 430 2501 D
464 2462 550 2501 and
582 2462 712 2502 index
746 2469 790 2502 to
817 2462 889 2501 bk.

200 2519 266 2558 XI
288 2519 331 2557 in
356 2519 400 2557 M
460 2520 600 2557 Bruto
625 2520 722 2557 MH

1004 287 1017 314 1
1056 282 1101 314 et
1125 288 1181 314 ex
1206 276 1406 315 Graecei
1429 276 1641 316 oratione
1681 283 1720 315 et
1746 291 1798 316 ex

1103 333 1242 381 grecei
1287 334 1475 371 oratione
1525 333 1565 370 D
1654 338 1702 371 ut
1747 347 1799 372 ex

1102 389 1242 438 grecei
1259 390 1447 426 oratione
1467 388 1509 426 H
1552 395 1601 427 ut
1613 402 1665 427 ex
1679 402 1800 439 grae·

1108 445 1190 482 ceio
1212 446 1370 481 ratione
1393 444 1438 482 M

1000 511 1021 537 2
1055 499 1358 550 maximeque
1401 498 1461 538 Dl

1112 555 1207 593 MH

1055 611 1454 662 providendumst
1484 612 1797 661 providendum

1109 668 1165 705 sit
1186 667 1232 705 M
1283 667 1597 717 providendum
1627 673 1688 706 est
1708 668 1800 705 HD

1537 501 1700 538 maxim
1706 502 1802 551 ique

1108 835 1194 876 ΕΡ.
1223 834 1260 876 C
1288 835 1453 893 (Fam.
1484 846 1552 877 10.
1580 835 1662 892 24)

1005 966 1019 992 1
1057 954 1325 1005 meritaque
1350 954 1442 992 HD
1501 967 1700 1006 meraqzce
1722 954 1768 993 M

1056 1010 1355 1061 indulgentia
1404 1010 1626 1060 diligentia
1677 1011 1804 1049 Lam-

1112 1065 1239 1104 binus
1298 1066 1514 1104 industria
1538 1066 1650 1104 Boot

1057 1122 1104 1160 in
1136 1128 1219 1161 tua
1241 1122 1549 1161 observantia
1580 1122 1676 1160 ind.
1699 1122 1802 1161 ads.

1113 1177 1297 1216 omitted
1331 1178 1487 1216 Grater
1517 1177 1601 1216 and
1627 1178 1805 1216 Wesen-

1114 1233 1218 1284 berg
1270 1247 1362 1272 mea
1379 1234 1426 1271 in
1440 1238 1476 1272 te
1489 1235 1566 1272 obs.
1584 1234 1804 1284 diligentia

1111 1290 1201 1328 ads.
1236 1288 1473 1327 Lambinus
1543 1294 1691 1327 mutua
1724 1290 1802 1328 obs.

1112 1346 1201 1384 ind.
1219 1346 1309 1384 ads.
1333 1345 1467 1383 Klotz
1524 1346 1571 1382 in
1593 1346 1659 1383 tui
1678 1345 1805 1384 obser-

1111 1403 1258 1439 vantia
1282 1400 1416 1440 Orelli

1001 1469 1025 1510 3
1058 1457 1278 1508 capitalis
1312 1456 1438 1495 Koch
1471 1456 1557 1495 and
1591 1455 1806 1503 Mendels-

1112 1513 1223 1552 sohn
1255 1513 1354 1551 talis
1391 1513 1437 1551 M
1484 1513 1645 1564 fatalis
1676 1512 1804 1551 Koch

1112 1569 1350 1608 consularis
1382 1568 1607 1606 Lehmann
1666 1575 1716 1607 ut
1739 1570 1805 1607 ais

1114 1624 1361 1670 Andresen,
1402 1623 1585 1662 omitted
1628 1625 1806 1663 Wesen-

1112 1680 1230 1731 berg.
1293 1680 1374 1719 See
1397 1680 1720 1732 Commentary.

1058 1735 1445 1776 luculentissima
1498 1736 1543 1774 M
1630 1736 1804 1786 locuple-

1114 1794 1279 1830 tissima
1303 1791 1530 1830 Lehmann

1003 1861 1027 1898 4
1059 1849 1185 1900 quod
1208 1848 1267 1886 ad
1287 1847 1548 1886 Caesarem
1567 1847 1739 1886 attinet
1758 1848 1803 1885 M

1112 1905 1226 1955 quod
1266 1905 1485 1943 Caesarem
1529 1902 1678 1942 Stroth
1719 1903 1806 1941 and

1114 1960 1362 2012 commonly
1402 1959 1587 2010 printed,
1620 1957 1698 1997 but
1734 1971 1806 1997 see

1117 2015 1440 2067 Commentary.

1004 2071 1030 2111 6
1060 2072 1426 2110 aversissimam
1461 2071 1506 2108 M
1565 2070 1807 2109 adversissi-

1114 2141 1227 2165 mam
1253 2127 1501 2179 commonly
1521 2125 1691 2177 printed

1060 2183 1153 2222 illis
1175 2184 1246 2221 illi
1265 2185 1306 2220 Ψ

1060 2251 1087 2277 a
1110 2245 1243 2277 tanta
1269 2239 1360 2277 HD
1420 2243 1539 2276 tanta
1563 2237 1609 2276 M

1061 2294 1306 2335 bimestris
1346 2294 1391 2332 M
1452 2294 1808 2345 quinquemestris

1119 2350 1358 2395 Manutius,
1395 2348 1616 2400 approved
1657 2348 1713 2401 by
1754 2349 1805 2387 O.

1118 2407 1166 2444 E.
1182 2405 1376 2445 Schmidt
1387 2404 1472 2443 and
1490 2403 1806 2443 Mendelssohn

1116 2463 1326 2500 semestris
1354 2462 1515 2511 Lange.
1579 2460 1660 2498 See
1683 2459 1808 2498 Com-

1118 2523 1324 2567 mentary.
