2067 3332
231 184 312 227 176
799 183 1076 223 cicssRo’s
1118 184 1408 224 LETTERS.
1773 186 1872 238 [Ep.
1896 188 1970 226 LI.

231 341 355 376 cum
385 324 676 375 audissem.
751 324 954 374 Nonne
983 324 1085 374 tibi
1114 324 1397 374 adfirmavi
1427 324 1641 391 quidvis
1671 342 1759 375 me
1788 326 1969 392 potius

230 431 622 482 perpessurum
652 432 813 481 quam
845 431 911 464 ex
942 414 1102 465 Italia
1131 415 1199 465 ad
1236 415 1440 465 bellum
1471 414 1630 465 civile
1660 415 1969 466 exiturum?

234 505 383 573 Quid
426 521 557 571 ergo
600 504 800 556 accidit
851 522 946 555 cur
1002 504 1291 555 consilium
1347 505 1658 555 mutarem?
1767 506 1970 556 Nonne

232 595 415 645 omnia
442 594 642 661 potiuS,
666 602 726 645 ut
751 594 806 644 in
837 594 1118 645 sententia
1147 611 1527 661 permanerem
1550 595 1567 645 ?
1630 595 1837 646 Credas
1866 596 1970 647 hoc
1997 658 1999 660 Ι

231 685 366 735 mihi
393 685 575 745 velim,
607 685 753 751 quod
782 692 916 751 puto
946 692 1002 735 te
1033 684 1365 745 existimare,
1399 701 1488 735 me
1517 702 1584 735 ex
1618 684 1703 735 his
1733 685 1970 736 miseriis

233 775 370 825 nihil
400 775 546 826 aliud
576 791 855 841 quaerere,
890 774 998 825 nisi
1027 782 1086 825 ut
1129 774 1382 825 homines
1425 774 1718 842 aliquando
1761 775 1971 826 intelle-

233 873 365 932 gant
396 881 483 915 me
513 864 652 915 nihil
682 865 942 915 maluisse
971 882 1133 932 quam
1169 881 1375 931 pacem,
1411 881 1474 916 ea
1502 865 1794 932 desperata
1835 864 1970 916 nihil

232 964 344 1005 tam
374 955 586 1021 fugisse
616 972 777 1021 quarn
808 972 959 1005 arma
988 954 1180 1006 civilia.
1268 954 1451 1005 Huius
1493 971 1581 1006 me
1625 955 1972 1006 constantiae

234 1053 365 1111 puto
408 1045 527 1095 fore
569 1053 629 1095 ut
672 1062 969 1111 numquam
1012 1044 1308 1111 paeniteat.

234 1136 337 1186 hoc
380 1152 585 1201 genere
639 1135 862 1202 gloriari
905 1135 1129 1186 solitum
1173 1151 1297 1186 esse
1350 1135 1675 1186 familiarem
1718 1143 1970 1185 nostrum

236 1226 304 1292 Q.
333 1225 716 1286 Hortensium,
743 1225 888 1291 quod
918 1242 1216 1292 numquam
1246 1225 1390 1276 bello
1421 1225 1567 1276 civili
1597 1225 1969 1287 interfuisset3

234 1317 337 1366 hoc
387 1323 578 1366 nostra
624 1315 744 1365 laus
796 1315 900 1365 erit
950 1315 1249 1376 inlustrior,
1296 1316 1440 1382 quod
1495 1315 1572 1365 illi
1626 1315 1972 1366 tribuebatur

235 1406 500 1472 ignaviae,
547 1406 614 1455 de
668 1405 829 1456 nobis
885 1405 938 1455 id
994 1405 1296 1456 existimari
1345 1422 1509 1471 posse
1559 1422 1670 1456 non
1718 1405 1967 1456 arbitror.

177 1517 202 1554 4
236 1496 355 1547 Nec
385 1513 472 1546 me
502 1495 608 1546 ista
635 1503 847 1566 terrent
871 1512 1009 1562 quae
1037 1495 1171 1545 mihi
1193 1512 1225 1546 a
1246 1504 1302 1546 te
1325 1496 1392 1546 ad
1421 1496 1675 1546 timorem
1707 1495 1972 1546 fidissime

234 1594 398 1653 atque
427 1586 810 1637 amantissime
851 1593 1251 1652 proponuntur.
1339 1585 1506 1636 Nulla
1535 1593 1620 1636 est
1651 1585 1798 1635 enim
1828 1601 1972 1636 acer-

234 1676 378 1727 bitas
409 1692 547 1742 quae
591 1692 702 1725 non
745 1676 1001 1726 omnibus
1043 1675 1145 1726 hac
1188 1675 1336 1726 orbis
1378 1683 1648 1726 terrarum
1691 1675 1973 1741 perturba-

233 1766 386 1817 tione
440 1766 761 1832 impendere
814 1766 1099 1828 videatur;
1165 1783 1327 1832 quam
1395 1765 1616 1832 quidem
1672 1781 1775 1831 ego
1828 1781 1860 1815 a
1913 1781 1972 1815 re

234 1856 454 1922 publica
493 1856 631 1906 meis
674 1856 901 1922 privatis
945 1863 1001 1906 et
1035 1855 1356 1907 domesticis
1399 1855 1763 1907 incommodis
1803 1854 1972 1905 liben-

235 1946 450 1996 tissime
490 1946 577 1995 vel
621 1946 744 1996 istis
788 1945 937 2012 ipsiS,
977 1962 1115 2012 quae
1158 1953 1219 1996 tu
1261 1962 1349 1996 me
1391 1961 1584 1996 mones
1627 1952 1686 1995 ut
1729 1960 1967 2005 caveam,

183 2055 204 2098 5
236 2036 612 2086 redemissem.
700 2035 840 2085 Filio
871 2052 1010 2096 meO,
1044 2052 1207 2102 quem
1238 2035 1339 2086 tibi
1368 2052 1554 2086 carum
1586 2051 1709 2085 esse
1739 2034 1967 2101 gaudeO,

236 2126 281 2176 si
336 2126 438 2176 erit
494 2126 603 2175 ulla
656 2142 742 2176 res
798 2125 1032 2191 publica,
1092 2125 1228 2176 satis
1284 2125 1523 2191 amplum
1579 2123 1970 2190 patrimonium

235 2216 539 2281 relinquam
584 2216 639 2264 in
681 2215 945 2266 memoria
986 2215 1227 2266 nominis
1270 2215 1410 2277 mei;
1466 2214 1551 2265 sin
1594 2221 1779 2265 autem
1822 2213 1972 2264 nulla
2063 2229 2067 2285 J

237 2306 354 2365 erit,
389 2305 523 2355 nihil
553 2305 764 2356 accidet
797 2305 846 2356 ei
877 2305 1173 2371 separatim
1204 2323 1235 2356 a
1263 2304 1486 2372 reliquis
1518 2304 1745 2355 civibus,
1825 2303 1969 2353 Nam

236 2396 381 2462 quod
410 2412 570 2461 rogas
602 2403 660 2445 ut
691 2395 981 2461 respiciam
1020 2412 1286 2462 generum
1325 2411 1523 2455 meum,
1557 2394 1968 2444 adulescentem
2063 2419 2066 2447 ι

1396 1045 1619 1095 Etenim
1654 1045 1881 1096 memini
1915 1045 1971 1095 in

236 2524 271 2563 3.
286 2536 341 2540 —
358 2512 594 2551 exiturum
617 2526 624 2549 :
647 2511 757 2550 after
768 2513 911 2562 potius
931 2526 1058 2563 quam

234 2568 277 2605 in
311 2567 492 2605 indirect
523 2566 744 2606 discourse
776 2567 848 2606 the
878 2568 992 2605 infin.
1025 2568 1060 2606 is

235 2623 307 2661 the
323 2623 489 2672 regular
503 2623 816 2669 constructi0n;
835 2622 887 2661 cf.
906 2622 1060 2667 Krebs‚

236 2679 562 2723 Antibarbarus,
588 2678 646 2715 II.
671 2689 761 2729 310.
777 2702 830 2706 --
845 2690 920 2716 me
944 2678 1060 2716 nihil

236 2733 481 2780 maluisse,
505 2740 602 2771 etc.:
628 2746 743 2783 upon
769 2733 959 2772 Cicero’s
981 2734 1061 2771 sin-

235 2801 328 2827 cere
351 2788 489 2827 desire
520 2788 589 2826 for
610 2801 753 2839 peace,
778 2788 830 2826 cf.
853 2803 944 2826 cum
969 2790 1061 2838 pri-

235 2858 350 2881 mum
376 2846 509 2893 potui,
535 2845 613 2895 Ep.
640 2845 805 2882 XLIX.
831 2856 850 2881 2
875 2857 914 2881 n.
931 2867 985 2871 —
1003 2844 1059 2893 Q.

236 2899 571 2938 Hortensium:
596 2899 668 2937 the
687 2906 844 2944 orator,
861 2899 957 2936 who
975 2898 1060 2936 had

236 2953 333 2992 died
356 2954 396 2991 in
425 2966 472 3006 50
496 2965 577 2992 ΒΕ.

290 3022 327 3057 4.
350 3022 471 3060 quae
497 3039 506 3047 .
532 3038 540 3046 .
566 3038 575 3047 .
599 3016 944 3060 proponuntur:
961 3008 1059 3046 with

235 3064 451 3103 reference
476 3073 518 3102 to
543 3066 702 3103 certain
731 3071 987 3102 statements
1018 3064 1059 3101 in

236 3120 446 3158 Caelius's
481 3121 618 3165 letter,
650 3133 719 3170 eg.
757 3121 796 3156 si
830 3121 1059 3164 existimas,

1148 2518 1241 2556 etc„
1267 2513 1344 2562 Ep.
1367 2512 1414 2550 L.
1436 2523 1469 2549 1.
1485 2534 1539 2539 —
1555 2509 1873 2549 incommodis
1894 2508 1970 2547 vel

1148 2567 1254 2606 istis
1278 2567 1396 2618 ipsis
1417 2582 1425 2605 :
1456 2568 1517 2605 i.e.
1536 2566 1662 2605 those
1685 2578 1785 2618 very
1806 2564 1970 2603 missor-

1148 2629 1273 2661 tunes
1297 2622 1433 2661 which
1456 2634 1539 2673 you
1571 2621 1762 2660 mention
1792 2621 1834 2658 in
1865 2631 1970 2672 your

1146 2678 1284 2723 letter,
1315 2691 1386 2727 ag.
1420 2677 1497 2727 Ep.
1541 2677 1588 2714 L.
1623 2687 1643 2728 5
1682 2677 1806 2715 etiam
1847 2680 1970 2725 atque

1146 2735 1283 2777 etiam,
1321 2734 1471 2777 Cicero,
1500 2733 1627 2782 cogita
1659 2745 1710 2770 ne
1739 2736 1774 2768 te
1802 2736 1970 2780 tuosque

1146 2802 1208 2827 om
1216 2790 1283 2825 nis
1291 2788 1501 2838 funditus
1521 2793 1691 2825 evertas.

1206 2854 1239 2896 5.
1278 2842 1536 2881 memoria:
1570 2841 1791 2879 Hofmann
1815 2845 1968 2891 quotes

1146 2899 1194 2936 de
1224 2900 1373 2943 Domo,
1409 2897 1483 2946 146
1513 2898 1654 2935 liberis
1686 2901 1801 2934 nost7
1802 2897 1838 2933 is
1866 2895 1968 2933 satis

1146 2954 1336 3003 amplum
1359 2954 1669 3014 patnmm'zzum
1694 2951 1872 3001 paternz
1901 2962 1968 2986 no-

1147 3010 1278 3047 mi'ms
1307 3022 1354 3046 ac
1385 3020 1611 3046 memorate
1646 3012 1750 3045 ποεῖν
1752 3019 1809 3043 ae
1840 3005 1968 3042 7elzn·

1147 3077 1332 3114 quernus,
1356 3062 1439 3100 and
1469 3064 1518 3101 de
1542 3062 1619 3112 Off
1647 3072 1776 3098 1.121
1812 3061 1967 3109 optzma

1148 3120 1354 3157 hereditas
1368 3132 1392 3155 α
1407 3118 1603 3167 patrzbus
1620 3117 1812 3154 ίνααίίκν
1826 3114 1968 3152 liberis
