2067 3332
191 209 267 250 124
750 210 1026 250 CICERO’S
1069 210 1356 249 LETTERS.
1589 211 1687 263 [Ep.
1712 213 1924 250 XXXIV.

189 352 259 401 K.
294 350 467 416 Sept„
500 350 670 416 legati
699 367 730 400 a
758 366 888 416 rege
921 349 1298 416 Commageno
1330 351 1396 400 ad
1427 367 1515 400 me
1549 350 1704 401 missi
1744 359 1925 417 pertu-

187 440 480 501 multuose,
526 456 707 506 neque
749 447 937 490 tamen
984 457 1094 490 non
1139 457 1284 501 vere,
1332 440 1561 491 Parthos
1606 441 1662 490 in
1710 440 1924 509 Syriam

188 530 458 581 transisse
501 529 916 581 nuntiaverunt.
1015 530 1141 596 Quo
1184 529 1372 580 audito
1414 530 1774 580 vehementer
1803 547 1924 581 sum

188 627 499 671 commotus
549 637 674 670 cum
724 620 792 669 de
842 619 1017 687 Syria,
1062 627 1179 676 turn
1230 621 1298 670 de
1346 636 1469 670 mea
1516 620 1812 685 provincia,
1858 621 1925 671 de

189 710 396 776 reliqua
437 709 676 776 denique
719 709 873 760 Asia.
966 710 1160 776 Itaque
1204 710 1503 760 exercitum
1550 709 1685 759 mihi
1727 711 1926 761 ducen-

188 801 317 850 dum
374 816 471 865 per
528 799 910 865 Cappadociae
965 799 1247 865 regionem
1297 815 1434 860 eam,
1485 816 1626 866 quae
1676 799 1924 850 Ciliciam

187 890 507 956 attingeret,
541 889 747 955 putavi.
832 889 974 939 Nam
1002 889 1048 939 si
1071 905 1160 939 me
1191 889 1246 938 in
1278 888 1526 940 Ciliciam
1557 889 1922 951 demisissem,

190 979 440 1038 C-iliciam
471 980 694 1046 quidem
726 979 898 1045 ipsam
932 986 1158 1045 propter
1192 979 1397 1029 montis
1429 979 1635 1029 Amani
1670 988 1924 1030 naturam

187 1070 350 1121 facile
392 1070 726 1130 tenuissem;
772 1070 879 1119 duo
920 1077 1049 1119 sunt
1090 1068 1237 1119 enirn
1277 1068 1458 1119 aditus
1494 1069 1548 1118 in
1581 1068 1829 1120 Ciliciam
1861 1086 1925 1120 ex

191 1159 365 1228 Syria,
399 1176 629 1225 quorum
674 1167 908 1225 uterque
950 1159 1131 1224 parvis
1174 1158 1463 1225 praesidiis
1506 1166 1731 1225 propter
1760 1176 1925 1225 angu-

190 1250 325 1300 stias
355 1249 649 1300 intercludi
685 1257 886 1315 potest,
921 1266 1023 1300 nec
1063 1257 1147 1299 est
1178 1249 1470 1315 quicquam
1509 1248 1701 1299 Cilicia
1735 1257 1927 1299 contra

193 1339 407 1407 Syriam
452 1339 735 1389 munitius,
823 1338 934 1389 Sed
974 1355 1062 1389 me
1099 1338 1447 1404 Cappadocia
1481 1339 1753 1399 movebat,
1787 1355 1926 1405 quae

191 1438 342 1495 patet
387 1447 418 1479 a
465 1429 624 1497 Syria
678 1445 949 1495 regesque
1006 1429 1173 1479 habet
1229 1428 1512 1489 finitimos,
1565 1428 1658 1495 qui
1707 1428 1926 1479 etiamsi

192 1527 320 1569 sunt
366 1520 504 1570 clam
551 1519 711 1570 amici
758 1519 933 1579 nobiS,
981 1527 1169 1569 tamen
1214 1526 1403 1584 aperte
1454 1518 1669 1568 Parthis
1720 1518 1926 1570 inimici

191 1626 314 1660 esse
349 1626 459 1659 non
502 1610 721 1659 audent.
810 1610 1005 1675 Itaque
1044 1609 1099 1658 in
1141 1607 1488 1674 Cappadocia
1529 1617 1775 1659 extrema
1815 1626 1925 1659 non

190 1700 354 1766 longe
384 1717 415 1749 a
443 1700 626 1749 Tauro
657 1700 800 1764 apud
831 1699 1093 1764 oppidum
1126 1698 1385 1766 Cybistra
1415 1706 1595 1748 castra
1623 1698 1747 1759 feci,
1781 1706 1839 1749 ut
1871 1706 1926 1749 et

193 1789 441 1840 Ciliciam
485 1797 671 1839 tuerer
709 1797 762 1839 et
801 1789 1207 1855 Cappadociam
1250 1796 1448 1838 tenens
1491 1805 1631 1838 nova
1673 1789 1927 1839 finitimo-

191 1897 311 1929 rum
355 1879 584 1930 consilia
626 1879 968 1944 impedirem.
1068 1879 1289 1928 Interea
1330 1878 1385 1927 in
1428 1879 1531 1929 hoc
1573 1886 1730 1928 tanto
1773 1886 1926 1928 motu

191 1977 456 2034 tantaque
493 1968 909 2034 exspectatione
947 1968 1169 2019 maximi
1200 1967 1329 2018 belli
1359 1984 1452 2017 rex
1492 1968 1806 2028 Deiotarus,
1839 1968 1927 2019 cui

193 2076 303 2109 non
353 2059 472 2108 sine
522 2075 686 2109 causa
734 2058 1030 2124 plurimum
1082 2074 1300 2123 semper
1348 2065 1401 2107 et
1451 2074 1573 2108 meo
1623 2065 1677 2108 et
1726 2066 1822 2108 tuo
1872 2066 1926 2108 et

194 2156 418 2199 senatus
463 2148 663 2198 iudicio
707 2149 977 2198 tributum
1022 2156 1122 2208 est,
1154 2148 1236 2197 vir
1275 2165 1398 2198 cum
1442 2147 1831 2198 benevolentia
1872 2155 1926 2198 et

192 2239 299 2288 fide
330 2255 461 2304 erga
495 2238 757 2304 populum
798 2239 863 2289 R.
899 2238 1179 2304 singulari,
1213 2246 1330 2288 tum
1366 2237 1680 2304 praesentia
1721 2238 1926 2304 magni-

196 2366 229 2393 1.
258 2367 317 2403 14.
333 2366 511 2406 —rege
533 2356 879 2405 Commageno:
900 2355 1018 2393 Anti·
1104 2355 1194 2394 also
1218 2355 1322 2393 Intr.
1347 2366 1410 2404 77.
1428 2379 1480 2383 —
1496 2366 1651 2405 neque
1679 2367 1774 2393 non
1802 2366 1928 2401 vere,

193 2411 340 2456 ochus,
362 2410 466 2460 king
487 2410 534 2448 of
562 2410 869 2460 Commagene,
892 2423 917 2448 a
939 2409 1020 2448 dis·
1103 2411 1195 2448 and
1212 2417 1284 2448 not
1304 2411 1483 2449 without
1487 2410 1780 2461 justification.

193 2466 289 2504 trict
326 2478 382 2503 on
419 2466 491 2504 the
533 2466 736 2503 northern
777 2465 934 2504 border
973 2465 1020 2503 of
1161 2478 1197 2513 4.
1217 2477 1304 2504 nec
1325 2495 1334 2504 .
1355 2495 1364 2504 .
1386 2465 1754 2516 ,quicquammfi
1770 2465 1929 2504 similar

195 2521 789 2572 Syria—pertumultuose:
809 2521 1017 2570 although
1106 2533 1181 2559 use
1213 2521 1258 2559 of
1290 2522 1405 2559 nillil
1434 2521 1501 2558 for
1527 2534 1656 2566 nemo,
1682 2521 1758 2571 Ep.
1784 2521 1927 2559 XXV.

182 2570 266 2614 'the
306 2577 473 2626 regular
514 2577 771 2626 superlative
811 2576 924 2614 form
960 2582 1019 2614 tu—
1106 2588 1218 2624 4.-
1244 2577 1370 2626 apud
1411 2576 1671 2627 oppidum:
1723 2576 1774 2614 cf.
1816 2576 1933 2625 apud

192 2633 517 2669 multuosissime
549 2632 583 2669 is
621 2631 725 2670 used
757 2632 798 2669 in
831 2632 898 2670 his
931 2644 1020 2669 ora-
1105 2633 1312 2676 sconsum,
1331 2643 1605 2670 2n.—nova
1620 2631 1928 2670 finitimorum

192 2687 319 2731 tions‚
350 2700 419 2736 eg.
453 2689 498 2724 in
531 2687 646 2724 Verr.
679 2687 717 2724 ii.
752 2698 786 2724 2.
822 2698 883 2737 37,
918 2686 1019 2725 here
1106 2687 1330 2725 consilia:
1363 2686 1435 2725 the
1466 2687 1701 2725 intentions
1733 2686 1780 2723 of
1809 2687 1930 2723 Arta-

194 2742 346 2780 Cicero
372 2742 534 2792 prefers
558 2742 630 2780 the
653 2742 883 2792 colloquial
904 2741 1017 2779 form
1105 2741 1272 2786 vasdes,
1296 2742 1368 2780 the
1390 2741 1494 2792 king
1515 2741 1561 2779 of
1583 2741 1799 2786 Armenia,
1822 2753 1930 2779 were

192 2797 291 2834 with
306 2803 414 2846 pen
468 2797 679 2849 Similarly
693 2798 734 2835 in
755 2797 825 2835 the
850 2798 1018 2835 Letters
1105 2809 1130 2834 a
1165 2803 1320 2835 matter
1351 2797 1398 2834 of
1429 2796 1590 2843 doubt3
1632 2796 1684 2835 cf.
1715 2798 1833 2834 Fam.
1868 2806 1928 2848 15.

193 2851 344 2890 Cicero
387 2864 484 2890 uses
520 2852 592 2890 the
632 2852 843 2890 intensive
882 2852 1018 2890 forms
1107 2864 1141 2889 2.
1169 2864 1202 2889 2.

183 2913 372 2956 peracer,
395 2913 642 2956 peramans,
670 2907 753 2945 and
778 2908 1016 2956 perlubens,
1164 2917 1196 2959 5.
1231 2919 1310 2945 rex
1354 2907 1640 2946 Deiotarus:
1679 2907 1830 2945 Cicero
1863 2905 1930 2944 de-

192 2962 314 3000 while
336 2963 378 3000 in
396 2962 462 3000 his
483 2963 608 3000 other
625 2963 811 3012 writings
830 2963 928 3014 only
946 2962 1018 3000 the
1104 2961 1263 3000 fended
1293 2962 1382 3000 him
1412 2962 1453 2999 in
1485 2973 1537 3014 45
1562 2971 1643 3000 13.C.
1667 2962 1833 3011 against
1856 2961 1929 2999 the

192 3018 359 3066 regular
379 3018 637 3068 superlative
658 3018 794 3055 forms
820 3030 890 3055 are
913 3016 1018 3055 used
1105 3017 1260 3067 charge
1311 3017 1358 3055 of
1410 3017 1616 3067 planning
1664 3024 1709 3054 to
1759 3015 1930 3054 murder

192 3078 237 3109 to
277 3072 463 3111 indicate
506 3073 577 3110 the
617 3072 866 3122 possession
908 3072 954 3109 of
993 3084 1018 3110 a
1106 3072 1467 3119 Caesam—fide,
1495 3079 1592 3110 etc.:
1625 3071 1676 3110 cf.
1701 3071 1788 3110 Cic.
1812 3071 1927 3109 Phil.

191 3127 355 3178 quality
375 3128 418 3165 in
440 3140 463 3165 a
486 3140 585 3179 very
607 3128 708 3177 high
733 3127 896 3177 degree.
948 3127 1016 3164 Cf.
1109 3138 1169 3164 11.
1214 3139 1263 3178 34
1303 3128 1409 3177 quid
1445 3128 1493 3165 de
1536 3128 1611 3166 Cn.
1645 3128 1840 3176 Pompeio
1876 3126 1929 3163 lo-

2058 2869 2067 3332 i
