2067 3332
247 131 333 173 268
822 137 1102 176 C1CERo’s
1146 138 1433 178 LETTERS.
1721 138 1821 191 [Ep.
1845 139 1984 178 ch.
2066 130 2067 163 ῑ

753 290 938 342 XCII.
1031 292 1200 362 (Fam.
1254 307 1333 343 11.
1382 294 1493 360 28.)

800 437 1035 476 MATIVS
1069 437 1372 477 CICERONI
1407 438 1450 477 S.

323 546 591 615 Magnam
619 547 962 616 voluptatem
994 566 1061 600 ex
1098 550 1210 600 tuis
1245 549 1447 601 litteris
1478 549 1614 618 cepi,
1648 551 1794 618 quod
1823 568 1986 618 quam

246 653 525 704 speraram
568 646 736 706 atque
779 647 1029 706 optaram
1073 639 1277 691 habere
1318 648 1375 691 te
1418 641 1485 691 de
1527 657 1615 691 me
1670 641 1987 707 opinionem

246 728 496 794 cognovi.
582 729 670 779 De
723 747 832 796 qua
881 730 986 781 etsi
1041 747 1152 782 non
1210 730 1548 792 dubitabam,
1608 739 1812 793 tamen,
1864 732 1988 799 quia

245 818 470 869 maximi
507 819 885 881 aestimabam,
919 827 980 871 ut
1016 820 1336 888 incorrupta
1370 829 1619 872 maneret
1654 821 1984 874 laborabam.

247 907 520 959 Conscius
575 917 761 960 autem
815 910 952 961 mihi
1007 928 1155 962 eram
1211 911 1348 961 nihil
1402 929 1433 962 a
1487 928 1576 962 me
1632 912 1987 963 commissum

245 1015 369 1050 esse
411 1000 557 1066 quod
612 1000 744 1051 boni
800 1001 1126 1068 cuiusquam
1183 1002 1495 1052 offenderet
1541 1002 1800 1054 animum.
1903 1003 1987 1053 Eo

245 1089 428 1141 minus
464 1091 756 1142 credebam
796 1091 1045 1158 plurimis
1081 1100 1248 1159 atque
1284 1092 1506 1159 optimis
1546 1093 1758 1144 artibus
1792 1101 1986 1144 ornato

243 1179 345 1231 tibi
386 1188 596 1232 temere
639 1181 934 1249 quicquam
983 1183 1304 1249 persuaderi
1349 1184 1613 1249 potuisse,
1659 1183 1986 1250 praesertim

244 1270 300 1320 in
331 1287 493 1337 quem
530 1288 652 1322 mea
689 1289 966 1338 propensa
1005 1265 1059 1323 et
1094 1280 1363 1340 perpetua
1400 1273 1601 1325 fuisset
1637 1281 1803 1341 atque
1838 1282 1985 1325 esset

244 1361 647 1413 benevolentia.
760 1363 924 1429 Quod
992 1364 1253 1430 quoniam
1313 1372 1374 1414 ut
1441 1364 1590 1415 volui
1659 1364 1773 1416 scio
1844 1381 1983 1426 esse,

244 1452 593 1518 respondebo
634 1453 959 1504 criminibus
995 1454 1195 1521 quibus
1239 1462 1299 1505 tu
1336 1471 1433 1521 pro
1477 1471 1580 1516 me,
1608 1462 1687 1506 'ut
1729 1472 1827 1522 par
1868 1463 1985 1506 erat

244 1550 339 1592 tua
393 1542 657 1609 singulari
706 1544 957 1595 bonitate
1000 1552 1055 1595 et
1097 1545 1340 1596 amicitia
1382 1553 1588 1607 nostra,
1623 1538 1788 1613 saepe
1831 1546 1985 1597 resti-

243 1632 379 1684 tisti.
466 1633 616 1683 Nota
650 1634 794 1684 enim
830 1634 965 1685 mihi
1004 1642 1133 1685 sunt
1175 1652 1314 1702 quae
1353 1635 1408 1685 in
1443 1652 1531 1686 me
1564 1644 1690 1703 post
1731 1635 1984 1688 Caesaris

242 1729 477 1774 mortem
534 1724 900 1776 contulerint:
966 1725 1100 1777 vitio
1162 1726 1296 1776 mihi
1349 1726 1482 1776 dant
1537 1727 1685 1794 quod
1747 1734 1983 1778 mortem

242 1813 483 1864 hominis
521 1815 802 1866 necessari
835 1816 1079 1882 graviter
1111 1816 1230 1867 fero
1259 1824 1427 1883 atque
1463 1833 1587 1867 eum
1624 1834 1787 1884 quem
1819 1816 1984 1868 dilexi

242 1903 451 1970 perisse
493 1904 790 1972 indignor;
839 1906 994 1957 aiunt
1043 1906 1191 1957 enim
1233 1906 1467 1973 patriam
1511 1906 1788 1959 amicitiae
1832 1924 1983 1974 prae-

242 1995 554 2060 ponendam
590 2012 727 2056 esse,
760 1996 990 2062 proinde
1029 2013 1092 2048 ac
1131 1996 1179 2047 si
1215 1997 1321 2047 iam
1350 1987 1584 2048 vicerint
1620 1997 1832 2048 obitum
1863 1998 1981 2049 eius

299 2111 445 2150 XCII.
508 2112 660 2158 Rome,
693 2113 806 2163 Aug.
840 2124 986 2164 23-3o‚
1013 2125 1066 2161 44

243 2177 325 2205 B.C.
387 2168 438 2205 In
489 2167 562 2206 the
612 2167 983 2218 correspondence
1024 2168 1071 2206 of

243 2222 398 2261 Cicero
425 2223 611 2274 perhaps
641 2217 760 2262 there
791 2223 826 2262 is
856 2236 914 2261 no
945 2224 1071 2262 letter

241 2278 408 2317 written
439 2291 557 2317 more
589 2279 794 2331 strongly,
824 2291 941 2317 more
973 2279 1071 2318 skil-

239 2332 348 2385 fully
369 2333 656 2379 constructed,
675 2334 760 2372 and
781 2334 919 2373 better
936 2335 1070 2374 calcu-

241 2388 358 2427 lated
399 2396 444 2427 to
485 2390 746 2440 accomplish
787 2390 842 2428 its
881 2403 1069 2441 purpose

241 2443 345 2482 than
370 2444 558 2483 Cicero’s
581 2445 705 2483 letter
727 2452 772 2483 to
797 2446 971 2485 Matius.
1029 2447 1069 2484 It

240 2499 276 2537 is
315 2511 341 2537 a
379 2500 497 2538 work
538 2500 584 2538 of
623 2500 849 2539 art—but
890 2501 932 2539 in
974 2501 1069 2540 that

241 2567 341 2607 very
357 2554 446 2593 fact
466 2555 542 2593 lies
564 2555 618 2593 its
641 2555 794 2601 defect,
811 2556 896 2594 and
914 2557 956 2595 in
974 2557 1069 2595 that

241 2616 407 2660 respect
446 2610 477 2648 it
517 2611 552 2649 is
591 2611 634 2648 in
676 2618 868 2650 contrast
909 2619 953 2650 to
995 2613 1067 2651 the

241 2666 358 2717 reply
375 2666 421 2703 of
438 2666 609 2704 Matius.
651 2667 746 2705 The
763 2667 890 2706 latter
905 2668 1068 2706 reveals

241 2721 334 2759 that
358 2721 484 2771 ‘fides
514 2723 560 2759 in
591 2723 808 2767 amicitia‚'
830 2723 967 2761 which
994 2723 1067 2761 the

240 2788 364 2814 name
395 2776 442 2814 of
477 2777 637 2816 Matius
669 2777 824 2829 always
855 2784 1066 2828 suggests,

240 2831 363 2869 while
403 2831 476 2870 the
515 2832 716 2884 sincerity
756 2833 802 2870 of
841 2833 907 2871 his
942 2839 1068 2872 state-

240 2892 377 2925 ments
418 2886 504 2924 and
544 2887 617 2926 the
657 2888 886 2940 simplicity
916 2888 962 2926 of
1000 2889 1066 2928 his

239 2942 347 2992 style
378 2942 506 2981 make
529 2942 614 2981 this
646 2955 729 2981 one
770 2943 817 2981 of
849 2943 922 2982 the
953 2950 1067 2982 most

239 2996 473 3036 admirable
514 2997 561 3035 of
595 2997 668 3036 the
704 2998 1065 3037 non-Ciceronian

238 3052 396 3091 letters.
478 3054 609 3103 Upon
653 3054 813 3092 Matius
853 3053 939 3092 and
980 3055 1065 3092 this

1153 2114 1278 2152 letter
1311 2113 1364 2152 cf.
1414 2113 1613 2152 Schmalz
1643 2114 1686 2152 in
1726 2116 1984 2153 Commenta-

1155 2170 1285 2207 tiones
1326 2170 1635 2220 Wb'ffinianae
1673 2170 1806 2220 (Lips.
1842 2170 1979 2221 1891),

1218 2292 1248 2317 1.
1282 2292 1527 2331 speraram
1560 2287 1703 2331 atque
1732 2287 1978 2331 optaram:

1155 2335 1210 2373 cf.
1236 2336 1340 2374 Intr.
1363 2335 1427 2374 82.
1443 2337 1621 2386 —quia
1639 2337 1979 2376 aestimabam:

1156 2391 1267 2442 quia
1306 2390 1376 2429 for
1414 2393 1529 2442 quod
1565 2392 1674 2430 after
1703 2392 1980 2432 laborabam

1155 2447 1190 2485 is
1240 2446 1448 2499 probably
1493 2447 1745 2499 colloquial3
1795 2448 1848 2486 cf.
1901 2448 1979 2498 Ep.
2029 2481 2032 2483 .

1157 2502 1393 2540 LXXVII.
1436 2514 1456 2540 2
1498 2515 1711 2554 n.—par
1737 2531 1748 2542 .
1774 2531 1785 2542 .
1809 2531 1820 2542 .
1843 2503 1980 2543 boni-

1155 2564 1271 2596 tate:
1297 2564 1397 2607 par,
1415 2558 1501 2596 like
1517 2572 1687 2609 aequus,
1704 2571 1889 2609 governs
1906 2559 1980 2597 the

1155 2612 1237 2651 abl.
1298 2613 1597 2666 occasionally,
1649 2613 1878 2667 especially
1935 2614 1978 2652 in

1155 2669 1270 2720 early
1293 2668 1431 2707 Latin.
1493 2669 1561 2707 Cf.
1596 2669 1731 2707 Plaut.
1754 2670 1876 2708 Pers.
1898 2668 1979 2721 834

1153 2730 1193 2761 et
1210 2737 1274 2762 me
1290 2724 1510 2774 bazcdpar
1529 2730 1597 2762 est.
1660 2724 1832 2767 Bockel.

1212 2791 1246 2816 2.
1279 2786 1393 2818 nota
1426 2807 1436 2818 .
1479 2809 1488 2818 .
1527 2808 1537 2818 .
1571 2785 1682 2819 sunt
1723 2791 1844 2830 quae
1878 2809 1888 2818 .
1922 2808 1932 2818 .
1966 2808 1976 2818 .

1155 2835 1442 2874 contulerint
1462 2849 1470 2873 :
1501 2834 1570 2872 for
1595 2835 1667 2873 the
1689 2835 1901 2873 reference
1924 2834 1976 2873 cf.

1154 2890 1232 2940 Ep.
1251 2890 1369 2928 XCI.
1386 2901 1407 2938 7
1426 2903 1471 2928 ea
1485 2895 1530 2927 tu
1543 2891 1591 2935 si,
1608 2895 1686 2929 etc.
1703 2914 1759 2919 —
1774 2890 1976 2941 patriam

1155 2973 1164 2982 .
1190 2974 1199 2983 .
1225 2974 1234 2983 .
1257 2946 1646 2996 praeponendam
1670 2957 1778 2984 esse
1798 2959 1806 2982 :
1824 2945 1877 2984 cf.
1897 2946 1975 2996 Ep.

1154 3000 1274 3038 XCI.
1293 3000 1330 3039 8.
1345 3024 1397 3029 —-
1413 3001 1609 3050 proinde
1627 3011 1708 3039 ae:
1731 3000 1783 3039 cf.
1797 3001 1978 3050 perinde

1152 3061 1210 3100 ut,
1240 3056 1316 3106 Ep.
1351 3056 1537 3093 LXVII.
1574 3067 1589 3093 1
1627 3055 1974 3094 n.-—vicerint:
