2067 3332
213 173 289 211 114
768 173 1045 213 CICERo’s
1089 174 1375 213 LETTERS.
1651 175 1749 225 [Ep.
1775 176 1944 214 XXXI.

210 312 302 362 isti
331 313 567 379 operarii
596 313 778 364 minus
809 314 1096 364 commode
1127 314 1383 381 persequi
1413 313 1644 380 possint,
1677 321 1731 364 et
1761 332 1944 381 quem-

208 403 503 453 admodum
535 411 720 454 actum
751 403 821 453 sit
853 411 907 453 et
938 420 1078 469 quae
1110 404 1444 454 existimatio
1476 411 1666 454 secuta
1695 422 1944 472 quaeque

208 493 276 543 de
311 509 376 543 eo
415 509 541 558 spes
586 493 658 543 sit
693 493 991 559 diligenter
1032 493 1134 544 tibi
1175 494 1594 560 perscribemuS.
1678 494 1754 544 Vt
1799 512 1944 546 nunc

209 590 310 643 est,
359 582 509 633 nulla
563 600 899 649 magnopere
955 583 1297 650 exspectatio
1347 591 1448 635 est.
1559 584 1701 634 Nam
1758 592 1812 634 et
1869 585 1945 635 illi

131 712 136 716 .
207 689 455 724 rumores
485 673 552 723 de
592 672 831 724 comitiis
875 674 1395 740 Transpadanorum
1441 673 1738 725 Cumarum
1782 682 1944 726 tenus

208 762 528 825 caluerunt;
573 764 807 814 Romam
839 781 962 814 cum
992 764 1287 825 venissem,
1320 781 1389 814 ne
1419 764 1803 815 tenuissimam
1833 765 1946 832 qui-

207 853 331 903 dem
362 853 703 904 auditionem
735 854 802 904 de
839 871 903 904 ea
944 871 1002 904 re
1044 854 1231 920 accepi
1246 871 1256 915 ;
1299 862 1586 920 praeterea
1629 854 1940 915 MarcellUS,

207 944 354 1010 quod
383 944 564 994 adhuc
607 943 744 993 nihil
787 944 1003 994 rettulit
1034 945 1102 994 de
1146 944 1498 995 successione
1541 944 1940 1010 provinciarum

211 1033 511 1085 Galliarum
545 1041 599 1084 et
628 1034 683 1084 in
715 1035 786 1085 K.
822 1034 960 1095 Iun.,
994 1042 1054 1084 ut
1085 1034 1218 1084 mihi
1248 1035 1363 1100 ipse
1393 1034 1545 1095 dixit,
1579 1051 1698 1084 eam
1729 1034 1944 1085 distulit

208 1123 553 1184 relationem,
588 1140 720 1174 sane
763 1141 924 1190 quarn
970 1141 1062 1175 eos
1106 1141 1390 1175 sermones
1433 1124 1702 1190 expressit
1742 1124 1834 1191 qui
1876 1125 1944 1175 de

209 1231 274 1265 eo
304 1221 422 1264 tum
453 1214 692 1275 fuerant,
726 1231 850 1265 cum
883 1202 1096 1265 Romae
1126 1231 1227 1265 nos
1258 1232 1522 1266 essemus
1598 1215 1684 1264 Tu
1715 1214 1761 1265 si
1792 1215 1944 1265 Pom-

207 1304 408 1371 peium,
443 1312 502 1354 ut
532 1304 770 1365 volebas,
804 1304 1106 1365 offendisti,
1139 1304 1232 1371 qui
1261 1304 1363 1355 tibi
1391 1305 1539 1355 visus
1581 1304 1651 1355 sit
1695 1313 1748 1355 et
1779 1322 1942 1371 quam

209 1393 516 1445 orationem
546 1395 799 1445 habuerit
829 1402 1014 1446 tecum
1045 1411 1320 1461 quamque
1362 1394 1667 1445 ostenderit
1697 1394 1943 1445 volunta-

208 1484 572 1535 tem—-solet
605 1484 752 1535 enim
783 1484 930 1535 aliud
974 1485 1183 1535 sentire
1218 1492 1270 1535 et
1313 1484 1477 1551 loqui,
1510 1501 1690 1551 neque
1725 1492 1942 1535 tantum

207 1574 387 1625 valere
444 1575 684 1641 ingeniO,
731 1583 790 1625 ut
841 1592 952 1625 non
1001 1583 1262 1641 appareat
1313 1575 1443 1642 quid
1499 1574 1812 1641 cupiat—,
1856 1575 1943 1626 fac

1121 1706 1265 1752 cellus,
1308 1706 1382 1745 the
1426 1706 1590 1751 consul,
1631 1705 1847 1757 proposed
1897 1712 1942 1745 to

1120 1761 1242 1812 bring
1276 1761 1318 1800 in
1354 1774 1379 1800 a
1412 1761 1486 1800 bill
1517 1762 1771 1812 appointing
1800 1773 1825 1800 a
1854 1773 1944 1800 suc-

266 1717 300 1743 2.
325 1706 632 1744 existimatio:
655 1705 697 1744 in
717 1706 800 1744 this
819 1719 900 1744 one
917 1719 1035 1756 para-

207 1761 341 1812 graph
359 1762 477 1800 there
495 1774 565 1799 are
583 1761 665 1800 five
682 1761 974 1800 substantives
991 1762 1032 1799 in

207 1819 270 1855 -io.
333 1816 399 1855 Cf.
425 1817 527 1854 Intr.
553 1823 752 1868 75.—ut
783 1828 909 1856 nunc
941 1823 1033 1855 est:

208 1885 233 1910 a
254 1872 482 1923 colloquial
505 1872 768 1922 expression.
829 1872 896 1910 Cf.
912 1874 1032 1910 Fam.

207 1927 244 1966 8.
277 1939 313 1975 4.
348 1939 368 1964 2
403 1927 487 1965 and
528 1928 634 1965 Hor.
667 1929 753 1966 Sat.
796 1939 826 1965 1.
861 1939 895 1978 9.
932 1938 1034 1979 5.—

208 1983 337 2022 nulla
378 1995 670 2033 magnopere
722 1983 1029 2033 exspectatio,

207 2039 322 2077 there
349 2039 384 2075 is
416 2039 595 2088 nothing
622 2040 668 2075 in
691 2040 939 2088 particular
967 2052 1033 2076 ex-

199 2094 353 2143 pected.
432 2094 687 2143 Alagnopere
717 2093 817 2132 with
853 2106 905 2131 an
947 2093 1031 2144 adj.

211 2149 329 2199 (here
369 2149 515 2199 nulla)
562 2149 597 2187 is
638 2161 727 2187 rare
761 2149 805 2186 in
841 2149 1034 2187 classical

210 2216 352 2254 usage.
406 2204 473 2242 Cf.
508 2210 754 2254 magnopere
787 2217 916 2247 nemo,
954 2205 1031 2255 Ep.

210 2260 288 2297 XI.
327 2260 510 2306 4.—de
548 2259 755 2297 comitiis
789 2260 1033 2310 Transpa-

208 2315 458 2353 danorum:
480 2315 513 2353 it
537 2327 620 2353 was
642 2314 734 2352 said
757 2314 849 2352 that
873 2316 1034 2353 Caesar

208 2369 293 2407 had
316 2369 496 2408 ordered
530 2370 601 2407 the
633 2369 964 2420 Transpadanes
987 2376 1032 2408 to

209 2425 317 2463 elect
356 2427 646 2476 quattuorviri
683 2425 784 2475 (Att.
825 2435 858 2477 5.
897 2437 932 2463 2.
970 2426 1027 2476 3).

211 2481 271 2532 By
292 2480 396 2534 such
420 2481 560 2518 action
588 2480 698 2518 their
728 2487 866 2519 towns
888 2480 1030 2519 would

207 2535 386 2573 become
426 2537 672 2585 municipia.
753 2535 846 2574 The
887 2548 1033 2574 rumor

208 2590 469 2641 anticipated
512 2591 709 2629 Caesar’s
739 2591 882 2629 action
923 2590 978 2642 by
1009 2603 1033 2629 a

208 2658 307 2697 year
328 2645 412 2683 and
443 2659 468 2683 a
498 2646 599 2684 half.
657 2646 724 2684 Cf.
750 2647 887 2697 Marq.
911 2648 1030 2684 lx'o‘m.

207 2702 627 2751 Slaatsverwaltung,
646 2702 677 2738 Ι.
696 2701 761 2747 62,
774 2713 813 2738 n.
825 2713 859 2752 3.
872 2725 925 2729 -
938 2702 1033 2740 Cu-

208 2768 394 2795 marum
417 2762 576 2795 tenus:
604 2756 776 2794 Caelius
798 2756 936 2794 found
959 2756 1032 2794 the

208 2824 352 2849 rumor
392 2824 592 2849 common
636 2812 740 2850 until
782 2811 835 2850 he
875 2811 1032 2861 passed

209 2866 372 2904 Cumae
390 2879 444 2903 on
462 2866 528 2905 his
546 2873 701 2911 return,
720 2866 794 2904 but
812 2879 866 2904 on
885 2867 1026 2904 reach-

206 2921 280 2971 ing
315 2922 450 2960 Rome
482 2922 555 2960 the
597 2929 737 2972 report
770 2934 854 2960 was
895 2921 1027 2960 heard

207 2976 418 3015 nowhere.
444 3000 498 3004 ——
528 2977 774 3016 caluerunt
799 2991 806 3013 :
857 2989 911 3015 on
959 2977 1030 3015 the

208 3031 445 3081 metaphor,
468 3031 520 3070 cf.
556 3032 656 3069 Intr.
680 3044 744 3082 99.
760 3055 813 3059 —
832 3032 888 3070 de
922 3043 1030 3071 suc-

209 3087 425 3125 cessione
447 3115 455 3124 .
478 3115 487 3125 .
508 3116 517 3125 .
539 3087 816 3126 Galliarum:
842 3087 901 3124 M.
922 3088 1030 3125 Mar-

1120 1830 1266 1856 cessor
1293 1823 1339 1855 to
1372 1817 1544 1856 Caesar.
1561 1839 1616 1844 —
1632 1829 1747 1855 sane
1765 1829 1909 1867 quam
1933 1831 1940 1854 :

1120 1872 1205 1911 this
1236 1872 1483 1923 expression
1521 1884 1671 1911 occurs
1702 1872 1785 1910 five
1818 1872 1942 1910 times

1118 1927 1161 1966 in
1179 1928 1252 1966 the
1274 1939 1318 1976 17
1337 1928 1484 1966 letters
1499 1927 1545 1965 of
1567 1927 1751 1972 Caelius,
1767 1927 1851 1965 and
1865 1927 1941 1965 but

1118 1983 1217 2021 four
1238 1983 1363 2022 times
1385 1983 1426 2020 in
1449 1982 1522 2021 the
1546 1982 1670 2021 other
1693 1982 1774 2034 853
1795 1983 1942 2021 letters

1120 2038 1166 2076 of
1190 2038 1378 2077 Cicero's
1395 2037 1776 2088 correspondence.
1829 2038 1938 2083 Brix,

1119 2094 1161 2132 in
1183 2094 1249 2132 his
1270 2100 1371 2132 note
1395 2106 1508 2144 upon
1527 2094 1657 2131 nimis
1677 2106 1802 2144 quam
1822 2094 1942 2144 cupio

1123 2149 1279 2200 (Plaut.
1317 2151 1434 2198 Capt.
1480 2148 1587 2199 102),
1621 2161 1718 2200 says
1737 2162 1745 2185 ε
1787 2153 1796 2170 ‘
1812 2150 1941 2186 nimis

1119 2218 1245 2254 quam
1268 2206 1400 2254 cupio,
1422 2203 1495 2242 the
1515 2203 1661 2242 fusion
1693 2203 1739 2241 of
1768 2210 1852 2242 two
1875 2216 1941 2241 ex-

1118 2259 1349 2310 pressions,
1381 2260 1512 2297 nimis
1541 2260 1661 2309 cupio
1695 2258 1780 2297 and
1811 2272 1937 2309 quam

1119 2315 1263 2364 cupio)
1288 2315 1336 2352 In
1359 2327 1385 2353 a
1404 2314 1564 2353 similar
1581 2326 1670 2366 way
1686 2327 1786 2351 sane
1797 2327 1939 2364 qnam,

1118 2372 1240 2408 valde
1260 2383 1385 2421 quam
1409 2369 1493 2408 and
1506 2376 1713 2420 perquam
1734 2381 1804 2407 are
1822 2376 1866 2406 to
1889 2368 1941 2407 be

1119 2425 1356 2476 explained.
1379 2449 1432 2453 —-
1455 2437 1538 2463 eos
1573 2436 1821 2462 sermones
1859 2435 1940 2462 ex-

1119 2481 1309 2531 pressit,
1329 2481 1379 2518 lte
1393 2482 1471 2519 lzas
1489 2481 1659 2517 revivea'
1670 2480 1906 2530 tlzatgossip
1923 2492 1939 2524 ,·

1119 2535 1333 2574 reference
1363 2535 1398 2574 is
1430 2535 1554 2573 made
1586 2541 1630 2573 to
1664 2534 1736 2572 the
1757 2534 1941 2585 dilatory

1118 2604 1269 2630 course
1301 2590 1347 2629 of
1379 2591 1617 2628 Marcellus.
1679 2589 1720 2627 If
1748 2602 1809 2628 we
1841 2588 1940 2627 read

1117 2660 1179 2684 eos
1209 2659 1416 2685 sermones
1448 2646 1655 2695 repressit,
1682 2645 1732 2682 lze
1757 2645 1835 2682 lzas
1860 2650 1945 2694 put

1117 2715 1174 2739 an
1195 2702 1280 2739 end
1296 2707 1335 2739 to
1362 2702 1429 2739 the
1452 2702 1608 2745 stories,
1631 2713 1677 2738 as
1705 2712 1825 2738 some
1852 2712 1940 2750 pre-

1117 2756 1193 2802 fer,
1209 2757 1280 2795 the
1298 2756 1512 2794 reference
1532 2755 1568 2794 is
1586 2762 1631 2793 to
1649 2755 1721 2793 the
1738 2755 1939 2805 proposal

1118 2818 1163 2850 to
1185 2811 1372 2862 displace
1396 2811 1579 2857 Caesar;
1604 2809 1681 2848 but
1714 2810 1766 2848 cf.
1796 2810 1943 2847 nuntii

1117 2869 1256 2904 varios
1291 2879 1498 2904 sermones
1530 2866 1781 2910 excitarunt,
1817 2865 1938 2902 Fam.

1117 2921 1153 2959 8.
1183 2933 1241 2959 10.
1268 2933 1301 2959 2.

1175 2988 1208 3028 3.
1263 2976 1546 3027 Pompeium
1567 2990 1575 3013 :
1642 2975 1793 3013 Cicero
1852 2979 1940 3012 met

1122 3033 1310 3083 Pompey
1331 3044 1434 3070 near
1454 3032 1703 3069 Tarentum.
1765 3028 1832 3067 Cf.
1851 3030 1937 3067 Att.

1121 3097 1156 3138 5.
1180 3097 1216 3135 7.

2045 2580 2051 2644 l
