2067 3332
106 2137 155 2175 14

189 174 268 214 130
750 176 1027 215 CICERo’s
1070 178 1358 217 LETTERS.
1590 180 1687 231 [Ep.
1714 182 1918 220 XXXIV.

186 314 373 365 nescio
403 314 533 381 quid
563 315 951 381 gratulationis
975 323 1029 366 et
1060 317 1285 367 honoris
1309 335 1339 367 a
1369 326 1566 368 senatu
1596 319 1739 369 tanti
1768 321 1926 371 aesti-

186 421 346 455 mem.
430 404 615 471 Agam
646 404 752 455 iam
792 412 978 456 tecum
1017 406 1378 468 familiariter,
1406 415 1465 458 ut
1505 415 1590 459 est
1630 416 1683 459 et
1728 410 1926 461 studiis

187 502 240 545 et
271 494 464 546 officiis
496 494 702 545 nostris
746 495 954 546 mutuis
986 503 1040 546 et
1072 514 1287 547 summa
1328 497 1570 548 amicitia
1611 498 1840 565 dignum
1872 507 1926 551 et

186 584 597 636 necessitudine
628 584 794 635 etiam
825 592 1068 651 paterna.
1137 586 1198 638 Si
1221 586 1511 654 quisquam
1536 587 1643 638 fuit
1667 606 1926 656 umquam

185 682 431 725 remotus
471 682 525 725 et
565 683 763 725 natura
792 683 845 726 et
875 676 1051 742 magis
1083 676 1264 737 etiam,
1297 684 1356 727 ut
1389 677 1524 727 mihi
1558 677 1778 744 quidem
1809 696 1928 730 sen-

185 765 289 815 tire
332 765 536 826 videor,
585 765 799 816 ratione
849 773 1016 832 atque
1063 767 1317 817 doctrina
1358 767 1426 817 ab
1470 767 1620 817 inani
1668 767 1829 819 laude
1872 776 1927 820 et

186 855 532 906 sermonibus
580 855 748 922 vulgi,
800 872 903 922 ego
953 856 1206 922 profecto
1255 857 1300 907 is
1350 874 1487 908 sum.
1597 857 1785 908 Testis
1842 867 1926 910 est

186 945 508 996 consulatus
548 962 720 1006 meUS,
755 945 809 995 in
840 963 964 1013 qUO,
999 946 1143 997 sicut
1174 946 1228 996 in
1260 946 1470 1014 reliqua
1498 947 1626 1008 vita,
1657 947 1837 998 fateor
1865 965 1928 1000 ea

186 1053 273 1086 me
303 1035 552 1086 studiose
582 1043 835 1087 secutum
862 1053 928 1087 eX
950 1037 1151 1103 quibus
1176 1054 1305 1088 vera
1333 1037 1506 1104 gloria
1535 1037 1688 1089 nasci
1717 1046 1924 1104 posset,

185 1126 359 1192 ipsam
390 1126 611 1193 quidem
643 1126 872 1193 gloriam
903 1143 1001 1192 per
1031 1143 1090 1177 se
1121 1144 1420 1194 numquam
1450 1127 1640 1194 putavi
1670 1136 1927 1194 expeten-

185 1217 326 1267 dam.
433 1217 628 1283 Itaque
685 1224 740 1267 et
795 1216 1136 1283 provinciam
1192 1225 1443 1268 ornatam
1500 1224 1555 1268 et
1605 1235 1759 1284 spem
1815 1236 1926 1269 non

186 1307 407 1358 dubiam
457 1307 723 1372 triumphi
772 1307 1008 1373 neglexi,
1061 1307 1433 1358 sacerdotium
1479 1307 1734 1375 denique,
1782 1325 1922 1370 cum,

187 1398 647 1464 quemadmodum
691 1404 748 1447 te
793 1397 1110 1448 existimare
1152 1397 1404 1458 arbitror,
1452 1414 1562 1448 non
1605 1397 1927 1449 difficillime

187 1487 453 1554 consequi
507 1504 746 1553 possem,
801 1504 913 1537 non
969 1487 1240 1553 appetivi;
1295 1487 1440 1538 idem
1496 1495 1621 1554 post
1672 1487 1925 1539 iniuriam

186 1586 469 1644 acceptam
500 1594 663 1644 quam
693 1585 754 1627 tu
793 1577 872 1628 rei
914 1595 964 1644 p.
998 1577 1370 1628 calamitatem
1407 1594 1626 1644 semper
1663 1577 1923 1644 appellaS,

186 1685 364 1718 meam
395 1684 506 1718 non
546 1668 708 1718 modo
751 1684 862 1717 non
906 1667 1296 1729 calamitatem,
1331 1668 1427 1718 sed
1467 1667 1633 1718 etiam
1676 1668 1923 1734 gloriam,

187 1758 374 1808 studui
411 1775 575 1824 quam
619 1757 971 1808 ornatissima
1015 1765 1241 1808 senatus
1284 1757 1584 1823 populique
1625 1758 1692 1809 R.
1734 1758 1801 1808 de
1840 1774 1927 1808 me

187 1848 387 1899 iudicia
428 1848 787 1898 intercedere.
876 1847 1073 1914 Itaque
1112 1855 1166 1897 et
1205 1864 1381 1914 augur
1410 1855 1605 1913 postea
1632 1847 1751 1897 fieri
1779 1847 1927 1897 volui

186 1939 330 2004 quod
373 1945 536 1988 antea
577 1937 945 2004 neglexeram,
979 1944 1034 1988 et
1077 1953 1202 1988 eum
1245 1937 1511 1987 honorem
1547 1936 1640 2003 qui
1670 1954 1701 1987 a
1729 1944 1925 1987 senatu

186 2028 353 2079 tribui
396 2028 559 2078 rebus
603 2027 817 2078 bellicis
861 2027 1017 2088 solet,
1051 2027 1369 2093 neglectum
1409 2043 1439 2077 a
1478 2043 1565 2076 me
1600 2026 1745 2086 olim,
1779 2043 1926 2076 nunc

187 2118 323 2168 mihi
360 2118 730 2184 expetendum
774 2124 926 2183 puto,
1013 2116 1163 2167 Huic
1206 2132 1361 2166 meae
1403 2115 1692 2176 voluntati,
1726 2115 1781 2165 in
1821 2131 1927 2182 qua

245 2269 305 2308 13.
337 2257 531 2296 honoris
555 2269 581 2295 a
605 2263 792 2295 senatu:
820 2256 892 2294 the
914 2268 1010 2295 con-

186 2313 357 2351 nection
389 2313 435 2351 of
475 2319 558 2351 two
590 2312 881 2350 substantives
912 2311 967 2363 by
987 2324 1013 2350 a

185 2369 451 2419 preposition
486 2368 521 2406 is
553 2367 781 2419 especially
811 2366 1012 2418 frequent

186 2424 227 2461 in
250 2424 322 2462 the
343 2436 440 2462 case
463 2423 509 2461 of
529 2437 553 2461 a
578 2438 586 2470 ;
614 2423 667 2461 cf.
684 2424 721 2460 A
730 2423 1011 2468 ntz'barbarus,

189 2480 220 2517 I.
243 2492 282 2530 p.
308 2479 370 2530 38.
432 2480 518 2517 For
548 2478 621 2516 the
652 2478 947 2516 construction
969 2477 1011 2515 in

185 2535 369 2584 general,
401 2547 472 2573 see
510 2533 884 2583 Reisig-Schma12‚
917 2533 1008 2570 Lat.

186 2592 287 2640 Syn.
310 2597 412 2628 note
444 2600 603 2641 512.——
619 2588 914 2639 provinciam
937 2599 1010 2625 or-

186 2652 365 2683 natam:
385 2645 436 2683 cf.
451 2645 499 2682 de
514 2645 721 2682 ornandis
729 2644 1009 2693 praetoribus,

188 2701 264 2750 Ep.
289 2701 410 2738 XVI.
438 2711 452 2737 1
479 2712 518 2737 n.
590 2698 848 2737 Macedonia
867 2697 943 2736 fell
965 2704 1010 2735 to

187 2756 339 2794 Cicero
361 2755 416 2807 by
437 2755 512 2799 lot,
537 2754 621 2792 and
654 2753 872 2804 Cisalpine
898 2753 1010 2791 Gaul

186 2818 231 2849 to
273 2811 321 2848 C.
355 2810 585 2848 Antonius.
646 2810 712 2847 To
754 2821 902 2847 secure
938 2808 1011 2845 the

185 2872 364 2916 support
400 2865 446 2903 of
489 2864 719 2910 Antonius,
753 2864 904 2902 Cicero
942 2876 1008 2901 ex-

185 2920 381 2971 changed
411 2921 636 2971 provinces
667 2919 768 2957 with
800 2919 902 2963 him,
925 2917 1010 2956 and

185 2976 409 3014 afterward
428 2975 624 3014 declined
645 2974 861 3024 Cisalpine
885 2973 1008 3011 Gaul.

188 3032 271 3069 For
293 3032 473 3069 another
494 3036 726 3069 statement
749 3029 795 3067 of
825 3029 890 3066 his
912 3027 1010 3065 feel-

183 3086 277 3136 ings
300 3086 399 3124 with
423 3086 637 3124 reference
661 3092 705 3122 to
737 3097 762 3122 a
792 3083 1007 3133 province,

1100 2255 1153 2294 cf.
1177 2261 1320 2294 contra
1353 2256 1624 2300 voluntatem,
1649 2255 1727 2305 Ep.
1753 2254 1925 2292 XXIX.

1104 2322 1118 2348 1
1141 2324 1239 2349 n.-—
1252 2311 1591 2349 sacerdotium:
1615 2309 1687 2348 the
1705 2315 1924 2359 augurate.

1102 2366 1187 2404 But
1224 2366 1376 2404 Cicero
1413 2365 1551 2403 writes
1584 2372 1628 2403 to
1666 2365 1850 2412 Atticus,
1878 2375 1926 2416 59

1101 2431 1209 2459 B.C.:
1255 2423 1303 2459 de
1338 2422 1428 2458 istis
1465 2421 1583 2458 rebus
1617 2425 1800 2469 exspecto
1833 2425 1926 2457 tuas

1098 2478 1262 2514 litteras
1293 2505 1300 2512 .
1325 2505 1332 2512 .
1359 2505 1365 2512 .
1396 2477 1565 2513 cuinam
1598 2480 1835 2525 auguratus
1863 2475 1926 2512 de-

1097 2531 1289 2582 feratur,
1322 2544 1401 2581 quo
1439 2531 1604 2581 quidem
1648 2543 1732 2567 uno
1769 2543 1839 2580 ego
1875 2530 1926 2567 ab

1098 2588 1190 2624 istis
1211 2588 1503 2635 capipossum,
1527 2587 1613 2623 Att.
1638 2597 1672 2622 2.
1700 2595 1732 2636 5.
1758 2596 1792 2622 2.
1855 2584 1925 2622 He

1099 2654 1185 2680 was
1214 2640 1377 2679 elected
1400 2653 1425 2678 a
1454 2640 1645 2678 member
1674 2640 1720 2677 of
1750 2639 1821 2677 the
1844 2639 1926 2677 col-

1098 2697 1192 2746 lege
1215 2696 1262 2734 of
1291 2708 1449 2746 augurs
1475 2696 1516 2733 in
1552 2706 1600 2747 53
1633 2695 1925 2733 13.C.—-iniu-

1100 2752 1218 2790 riam
1239 2764 1348 2789 :one
1362 2750 1409 2788 of
1426 2751 1614 2789 Cicero's
1632 2749 1923 2799 euphemisms

1100 2806 1169 2844 for
1189 2808 1400 2844 exsilium.
1416 2830 1471 2833 —
1492 2817 1650 2844 meam
1678 2804 1924 2842 calamita-

1100 2868 1216 2900 tem:
1232 2876 1283 2899 sc.
1300 2861 1365 2899 his
1380 2861 1558 2899 exile.—
1570 2872 1678 2899 eum
1693 2861 1923 2898 honorem

1099 2917 1179 2967 qui
1218 2945 1227 2954 .
1271 2945 1279 2954 .
1325 2945 1334 2954 .
1373 2916 1520 2954 solet:
1554 2915 1626 2953 the
1657 2921 1824 2953 nearest
1855 2927 1925 2964 ap-

1098 2971 1255 3021 proach
1287 2977 1332 3009 to
1364 2983 1388 3009 a
1410 2970 1584 3009 definite
1615 2976 1846 3008 statement
1877 2968 1924 3007 of

1101 3027 1166 3065 his
1189 3026 1292 3064 wish
1315 3026 1384 3063 for
1406 3038 1430 3063 a
1450 3027 1708 3076 supplicatio.
1762 3024 1873 3062 Such
1898 3036 1923 3061 a

1101 3088 1333 3119 statement
1356 3081 1409 3118 he
1430 3080 1659 3131 purposely
1681 3078 1843 3117 avoids.
