<?xml version="1.0" encoding="UTF-8"?>
<!DOCTYPE html PUBLIC "-//W3C//DTD XHTML 1.0 Transitional//EN"
    "http://www.w3.org/TR/xhtml1/DTD/xhtml1-transitional.dtd">
<html xmlns="http://www.w3.org/1999/xhtml" xml:lang="en" lang="en">
 <head>
  <title>
</title>
<meta http-equiv="Content-Type" content="text/html;charset=utf-8" />
  <meta name='ocr-system' content='tesseract 3.04.00' />
  <meta name='ocr-capabilities' content='ocr_page ocr_carea ocr_par ocr_line ocrx_word'/>
</head>
<body>
  <div class='ocr_page' id='page_1' title='image "./selectedletterso1898cice_0190.png"; bbox 0 0 2067 3332; ppageno 0'>
   <div class='ocr_carea' id='block_1_1' title="bbox 183 178 1917 235">
    <p class='ocr_par' dir='ltr' id='par_1_1' title="bbox 183 178 1917 235">
     <span class='ocr_line' id='line_1_1' title="bbox 183 178 1917 235; baseline 0.003 -17"><span class='ocrx_word' id='word_1_1' title='bbox 183 178 261 218; x_wconf 87' lang='lat'>108</span> <span class='ocrx_word' id='word_1_2' title='bbox 743 181 1020 220; x_wconf 86' lang='lat' dir='ltr'>CICERO’S</span> <span class='ocrx_word' id='word_1_3' title='bbox 1064 182 1351 221; x_wconf 89' lang='lat' dir='ltr'>LETTERS.</span> <span class='ocrx_word' id='word_1_4' title='bbox 1622 183 1720 235; x_wconf 88' lang='lat' dir='ltr'>[Ep.</span> <span class='ocrx_word' id='word_1_5' title='bbox 1745 185 1917 223; x_wconf 90' lang='lat' dir='ltr'><strong>XXIX.</strong></span> 
     </span>
    </p>
   </div>
   <div class='ocr_carea' id='block_1_2' title="bbox 178 318 1920 2101">
    <p class='ocr_par' dir='ltr' id='par_1_2' title="bbox 178 318 1920 2101">
     <span class='ocr_line' id='line_1_2' title="bbox 179 318 1917 384; baseline 0.003 -16"><span class='ocrx_word' id='word_1_6' title='bbox 179 318 451 384; x_wconf 89' lang='lat' dir='ltr'>proficisci</span> <span class='ocrx_word' id='word_1_7' title='bbox 500 335 729 370; x_wconf 90' lang='lat' dir='ltr'>necesse</span> <span class='ocrx_word' id='word_1_8' title='bbox 779 328 943 380; x_wconf 89' lang='lat' dir='ltr'>esset,</span> <span class='ocrx_word' id='word_1_9' title='bbox 996 319 1051 370; x_wconf 92' lang='lat' dir='ltr'>in</span> <span class='ocrx_word' id='word_1_10' title='bbox 1099 320 1287 371; x_wconf 91' lang='lat' dir='ltr'>multis</span> <span class='ocrx_word' id='word_1_11' title='bbox 1337 329 1391 371; x_wconf 92' lang='lat' dir='ltr'>et</span> <span class='ocrx_word' id='word_1_12' title='bbox 1440 321 1604 372; x_wconf 90' lang='lat' dir='ltr'>variis</span> <span class='ocrx_word' id='word_1_13' title='bbox 1647 322 1917 373; x_wconf 89' lang='lat' dir='ltr'>molestiis</span> 
     </span>
     <span class='ocr_line' id='line_1_3' title="bbox 180 411 1913 478; baseline 0.002 -16"><span class='ocrx_word' id='word_1_14' title='bbox 180 411 720 478; x_wconf 76' lang='lat' dir='ltr'>cogitationibusque</span> <span class='ocrx_word' id='word_1_15' title='bbox 750 413 887 463; x_wconf 91' lang='lat' dir='ltr'>meis</span> <span class='ocrx_word' id='word_1_16' title='bbox 917 413 1054 464; x_wconf 91' lang='lat' dir='ltr'>haec</span> <span class='ocrx_word' id='word_1_17' title='bbox 1084 430 1194 464; x_wconf 93' lang='lat' dir='ltr'>una</span> <span class='ocrx_word' id='word_1_18' title='bbox 1223 414 1530 464; x_wconf 91' lang='lat' dir='ltr'>consolatio</span> <span class='ocrx_word' id='word_1_19' title='bbox 1572 416 1913 477; x_wconf 90' lang='lat' dir='ltr'>occurrebat,</span> 
     </span>
     <span class='ocr_line' id='line_1_4' title="bbox 179 502 1917 572; baseline 0.002 -20"><span class='ocrx_word' id='word_1_20' title='bbox 179 502 325 568; x_wconf 91' lang='lat' dir='ltr'>quod</span> <span class='ocrx_word' id='word_1_21' title='bbox 379 518 560 569; x_wconf 90' lang='lat' dir='ltr'>neque</span> <span class='ocrx_word' id='word_1_22' title='bbox 621 502 724 553; x_wconf 88' lang='lat' dir='ltr'>tibi</span> <span class='ocrx_word' id='word_1_23' title='bbox 778 502 1003 554; x_wconf 79' lang='lat' dir='ltr'>amicior</span> <span class='ocrx_word' id='word_1_24' title='bbox 1063 521 1226 570; x_wconf 92' lang='lat' dir='ltr'>quarn</span> <span class='ocrx_word' id='word_1_25' title='bbox 1289 520 1393 570; x_wconf 89' lang='lat' dir='ltr'>ego</span> <span class='ocrx_word' id='word_1_26' title='bbox 1450 521 1571 554; x_wconf 89' lang='lat' dir='ltr'>sum</span> <span class='ocrx_word' id='word_1_27' title='bbox 1627 505 1917 572; x_wconf 90' lang='lat' dir='ltr'>quisquam</span> 
     </span>
     <span class='ocr_line' id='line_1_5' title="bbox 178 593 1918 660; baseline 0.002 -18"><span class='ocrx_word' id='word_1_28' title='bbox 178 599 368 658; x_wconf 92' lang='lat' dir='ltr'>posset</span> <span class='ocrx_word' id='word_1_29' title='bbox 412 593 724 653; x_wconf 81' lang='lat' dir='ltr'><strong>succedere,</strong></span> <span class='ocrx_word' id='word_1_30' title='bbox 764 609 945 659; x_wconf 92' lang='lat' dir='ltr'>neque</span> <span class='ocrx_word' id='word_1_31' title='bbox 988 610 1090 659; x_wconf 92' lang='lat' dir='ltr'>ego</span> <span class='ocrx_word' id='word_1_32' title='bbox 1140 594 1207 644; x_wconf 96' lang='lat' dir='ltr'>ab</span> <span class='ocrx_word' id='word_1_33' title='bbox 1250 593 1360 644; x_wconf 94' lang='lat' dir='ltr'>ullo</span> <span class='ocrx_word' id='word_1_34' title='bbox 1402 594 1741 660; x_wconf 90' lang='lat' dir='ltr'>provinciam</span> <span class='ocrx_word' id='word_1_35' title='bbox 1783 595 1918 646; x_wconf 90' lang='lat' dir='ltr'>acci-</span> 
     </span>
     <span class='ocr_line' id='line_1_6' title="bbox 179 682 1919 751; baseline 0.002 -19"><span class='ocrx_word' id='word_1_36' title='bbox 179 698 310 748; x_wconf 91' lang='lat' dir='ltr'>pere</span> <span class='ocrx_word' id='word_1_37' title='bbox 351 682 444 749; x_wconf 93' lang='lat' dir='ltr'>qui</span> <span class='ocrx_word' id='word_1_38' title='bbox 482 682 668 733; x_wconf 91' lang='lat' dir='ltr'>mallet</span> <span class='ocrx_word' id='word_1_39' title='bbox 711 698 831 733; x_wconf 91' lang='lat' dir='ltr'>eam</span> <span class='ocrx_word' id='word_1_40' title='bbox 871 700 1032 749; x_wconf 89' lang='lat' dir='ltr'>quarn</span> <span class='ocrx_word' id='word_1_41' title='bbox 1077 684 1312 734; x_wconf 78' lang='lat' dir='ltr'>maxime</span> <span class='ocrx_word' id='word_1_42' title='bbox 1352 683 1487 733; x_wconf 92' lang='lat' dir='ltr'>mihi</span> <span class='ocrx_word' id='word_1_43' title='bbox 1529 692 1714 751; x_wconf 80' lang='lat' dir='ltr'>aptam</span> <span class='ocrx_word' id='word_1_44' title='bbox 1757 685 1919 751; x_wconf 90' lang='lat' dir='ltr'>expli-</span> 
     </span>
     <span class='ocr_line' id='line_1_7' title="bbox 180 772 1919 840; baseline 0.001 -17"><span class='ocrx_word' id='word_1_45' title='bbox 180 780 473 839; x_wconf 91' lang='lat' dir='ltr'>catamque</span> <span class='ocrx_word' id='word_1_46' title='bbox 501 773 735 824; x_wconf 87' lang='lat' dir='ltr'>tradere.</span> <span class='ocrx_word' id='word_1_47' title='bbox 823 772 987 839; x_wconf 77' lang='lat' dir='ltr'>Quod</span> <span class='ocrx_word' id='word_1_48' title='bbox 1018 773 1063 823; x_wconf 94' lang='lat' dir='ltr'>si</span> <span class='ocrx_word' id='word_1_49' title='bbox 1093 781 1154 823; x_wconf 90' lang='lat' dir='ltr'>tu</span> <span class='ocrx_word' id='word_1_50' title='bbox 1184 790 1403 840; x_wconf 92' lang='lat' dir='ltr'>quoque</span> <span class='ocrx_word' id='word_1_51' title='bbox 1439 774 1671 824; x_wconf 90' lang='lat' dir='ltr'>eandem</span> <span class='ocrx_word' id='word_1_52' title='bbox 1702 775 1770 825; x_wconf 92' lang='lat' dir='ltr'>de</span> <span class='ocrx_word' id='word_1_53' title='bbox 1798 791 1919 825; x_wconf 90' lang='lat' dir='ltr'>mea</span> 
     </span>
     <span class='ocr_line' id='line_1_8' title="bbox 178 862 1917 930; baseline 0.001 -18"><span class='ocrx_word' id='word_1_54' title='bbox 178 862 466 914; x_wconf 91' lang='lat' dir='ltr'>voluntate</span> <span class='ocrx_word' id='word_1_55' title='bbox 496 879 627 930; x_wconf 90' lang='lat' dir='ltr'>erga</span> <span class='ocrx_word' id='word_1_56' title='bbox 654 870 712 913; x_wconf 91' lang='lat' dir='ltr'>te</span> <span class='ocrx_word' id='word_1_57' title='bbox 740 879 893 929; x_wconf 92' lang='lat' dir='ltr'>spem</span> <span class='ocrx_word' id='word_1_58' title='bbox 925 863 1113 924; x_wconf 83' lang='lat' dir='ltr'>habeS,</span> <span class='ocrx_word' id='word_1_59' title='bbox 1147 879 1210 913; x_wconf 90' lang='lat' dir='ltr'>ea</span> <span class='ocrx_word' id='word_1_60' title='bbox 1238 870 1294 914; x_wconf 88' lang='lat' dir='ltr'>te</span> <span class='ocrx_word' id='word_1_61' title='bbox 1326 863 1576 930; x_wconf 81' lang='lat' dir='ltr'>profecto</span> <span class='ocrx_word' id='word_1_62' title='bbox 1619 881 1917 930; x_wconf 87' lang='lat' dir='ltr'>numquam</span> 
     </span>
     <span class='ocr_line' id='line_1_9' title="bbox 178 952 1919 1019; baseline 0.002 -17"><span class='ocrx_word' id='word_1_63' title='bbox 178 953 348 1004; x_wconf 78' lang='lat' dir='ltr'>fallet.</span> <span class='ocrx_word' id='word_1_64' title='bbox 415 953 496 1003; x_wconf 85' lang='lat' dir='ltr'>At</span> <span class='ocrx_word' id='word_1_65' title='bbox 524 960 581 1003; x_wconf 93' lang='lat' dir='ltr'>te</span> <span class='ocrx_word' id='word_1_66' title='bbox 610 952 848 1003; x_wconf 92' lang='lat' dir='ltr'>maximo</span> <span class='ocrx_word' id='word_1_67' title='bbox 880 969 1045 1019; x_wconf 90' lang='lat' dir='ltr'>opere</span> <span class='ocrx_word' id='word_1_68' title='bbox 1074 970 1172 1019; x_wconf 92' lang='lat' dir='ltr'>pro</span> <span class='ocrx_word' id='word_1_69' title='bbox 1203 961 1393 1004; x_wconf 90' lang='lat' dir='ltr'>nostra</span> <span class='ocrx_word' id='word_1_70' title='bbox 1422 971 1635 1004; x_wconf 91' lang='lat' dir='ltr'>summa</span> <span class='ocrx_word' id='word_1_71' title='bbox 1665 954 1919 1005; x_wconf 91' lang='lat' dir='ltr'>coniunc-</span> 
     </span>
     <span class='ocr_line' id='line_1_10' title="bbox 179 1043 1916 1110; baseline 0.001 -17"><span class='ocrx_word' id='word_1_72' title='bbox 179 1043 332 1094; x_wconf 89' lang='lat' dir='ltr'>tione</span> <span class='ocrx_word' id='word_1_73' title='bbox 373 1051 578 1110; x_wconf 91' lang='lat' dir='ltr'>tuaque</span> <span class='ocrx_word' id='word_1_74' title='bbox 627 1043 892 1110; x_wconf 91' lang='lat' dir='ltr'>singulari</span> <span class='ocrx_word' id='word_1_75' title='bbox 940 1043 1285 1094; x_wconf 91' lang='lat' dir='ltr'>humanitate</span> <span class='ocrx_word' id='word_1_76' title='bbox 1329 1043 1494 1094; x_wconf 91' lang='lat' dir='ltr'>etiam</span> <span class='ocrx_word' id='word_1_77' title='bbox 1543 1051 1709 1110; x_wconf 92' lang='lat' dir='ltr'>atque</span> <span class='ocrx_word' id='word_1_78' title='bbox 1751 1043 1916 1094; x_wconf 89' lang='lat' dir='ltr'>etiarn</span> 
     </span>
     <span class='ocr_line' id='line_1_11' title="bbox 180 1133 1919 1200; baseline 0 -16"><span class='ocrx_word' id='word_1_79' title='bbox 180 1150 383 1200; x_wconf 85' lang='lat' dir='ltr'>quaeso</span> <span class='ocrx_word' id='word_1_80' title='bbox 415 1141 468 1184; x_wconf 92' lang='lat' dir='ltr'>et</span> <span class='ocrx_word' id='word_1_81' title='bbox 498 1141 627 1199; x_wconf 92' lang='lat' dir='ltr'>peto</span> <span class='ocrx_word' id='word_1_82' title='bbox 657 1141 733 1194; x_wconf 90' lang='lat' dir='ltr'>ut,</span> <span class='ocrx_word' id='word_1_83' title='bbox 767 1133 1207 1200; x_wconf 88' lang='lat' dir='ltr'>quibuscumque</span> <span class='ocrx_word' id='word_1_84' title='bbox 1236 1134 1402 1184; x_wconf 89' lang='lat' dir='ltr'>rebus</span> <span class='ocrx_word' id='word_1_85' title='bbox 1443 1133 1651 1200; x_wconf 89' lang='lat' dir='ltr'>poteris</span> <span class='ocrx_word' id='word_1_86' title='bbox 1674 1166 1749 1171; x_wconf 88' lang='lat'>——</span> <span class='ocrx_word' id='word_1_87' title='bbox 1770 1142 1919 1200; x_wconf 91' lang='lat' dir='ltr'>pote-</span> 
     </span>
     <span class='ocr_line' id='line_1_12' title="bbox 180 1223 1918 1290; baseline 0.001 -17"><span class='ocrx_word' id='word_1_88' title='bbox 180 1224 252 1274; x_wconf 90' lang='lat' dir='ltr'>ris</span> <span class='ocrx_word' id='word_1_89' title='bbox 281 1231 467 1274; x_wconf 90' lang='lat' dir='ltr'>autem</span> <span class='ocrx_word' id='word_1_90' title='bbox 498 1223 1180 1290; x_wconf 51' lang='lat' dir='ltr'>plurimis2—prospicias</span> <span class='ocrx_word' id='word_1_91' title='bbox 1220 1231 1274 1274; x_wconf 93' lang='lat' dir='ltr'>et</span> <span class='ocrx_word' id='word_1_92' title='bbox 1314 1224 1569 1275; x_wconf 90' lang='lat' dir='ltr'>consulas</span> <span class='ocrx_word' id='word_1_93' title='bbox 1611 1224 1918 1275; x_wconf 87' lang='lat' dir='ltr'>rationibus</span> 
     </span>
     <span class='ocr_line' id='line_1_13' title="bbox 181 1313 1918 1380; baseline 0.001 -16"><span class='ocrx_word' id='word_1_94' title='bbox 181 1314 336 1365; x_wconf 89' lang='lat' dir='ltr'>meis.</span> <span class='ocrx_word' id='word_1_95' title='bbox 444 1314 616 1364; x_wconf 91' lang='lat' dir='ltr'>Vides</span> <span class='ocrx_word' id='word_1_96' title='bbox 672 1330 738 1364; x_wconf 86' lang='lat' dir='ltr'>ex</span> <span class='ocrx_word' id='word_1_97' title='bbox 793 1321 1023 1364; x_wconf 90' lang='lat' dir='ltr'>senatus</span> <span class='ocrx_word' id='word_1_98' title='bbox 1081 1313 1336 1365; x_wconf 89' lang='lat' dir='ltr'>consulto</span> <span class='ocrx_word' id='word_1_99' title='bbox 1398 1313 1738 1380; x_wconf 87' lang='lat' dir='ltr'>provinciam</span> <span class='ocrx_word' id='word_1_100' title='bbox 1795 1331 1918 1365; x_wconf 91' lang='lat' dir='ltr'>esse</span> 
     </span>
     <span class='ocr_line' id='line_1_14' title="bbox 181 1404 1917 1471; baseline 0.001 -17"><span class='ocrx_word' id='word_1_101' title='bbox 181 1405 508 1455; x_wconf 88' lang='lat' dir='ltr'>habendam.</span> <span class='ocrx_word' id='word_1_102' title='bbox 594 1404 655 1455; x_wconf 81' lang='lat' dir='ltr'>Si</span> <span class='ocrx_word' id='word_1_103' title='bbox 697 1420 835 1465; x_wconf 87' lang='lat' dir='ltr'>eam,</span> <span class='ocrx_word' id='word_1_104' title='bbox 881 1405 1026 1470; x_wconf 92' lang='lat' dir='ltr'>quod</span> <span class='ocrx_word' id='word_1_105' title='bbox 1057 1404 1175 1455; x_wconf 91' lang='lat' dir='ltr'>eius</span> <span class='ocrx_word' id='word_1_106' title='bbox 1217 1404 1403 1455; x_wconf 85' lang='lat' dir='ltr'>facere</span> <span class='ocrx_word' id='word_1_107' title='bbox 1445 1404 1709 1470; x_wconf 87' lang='lat' dir='ltr'>potueriS‚</span> <span class='ocrx_word' id='word_1_108' title='bbox 1755 1422 1917 1471; x_wconf 92' lang='lat' dir='ltr'>quam</span> 
     </span>
     <span class='ocr_line' id='line_1_15' title="bbox 182 1494 1919 1561; baseline -0.001 -16"><span class='ocrx_word' id='word_1_109' title='bbox 182 1494 655 1561; x_wconf 85' lang='lat' dir='ltr'>expeditissimam</span> <span class='ocrx_word' id='word_1_110' title='bbox 686 1494 820 1544; x_wconf 92' lang='lat' dir='ltr'>mihi</span> <span class='ocrx_word' id='word_1_111' title='bbox 854 1494 1164 1554; x_wconf 89' lang='lat' dir='ltr'>tradideris,</span> <span class='ocrx_word' id='word_1_112' title='bbox 1197 1494 1412 1546; x_wconf 83' lang='lat' dir='ltr'>facilior</span> <span class='ocrx_word' id='word_1_113' title='bbox 1453 1494 1556 1545; x_wconf 91' lang='lat' dir='ltr'>erit</span> <span class='ocrx_word' id='word_1_114' title='bbox 1600 1494 1736 1545; x_wconf 92' lang='lat' dir='ltr'>mihi</span> <span class='ocrx_word' id='word_1_115' title='bbox 1765 1494 1919 1561; x_wconf 93' lang='lat' dir='ltr'>quasi</span> 
     </span>
     <span class='ocr_line' id='line_1_16' title="bbox 181 1584 1920 1652; baseline 0 -17"><span class='ocrx_word' id='word_1_116' title='bbox 181 1585 447 1636; x_wconf 88' lang='lat' dir='ltr'>decursus</span> <span class='ocrx_word' id='word_1_117' title='bbox 490 1584 598 1635; x_wconf 88' lang='lat' dir='ltr'>mei</span> <span class='ocrx_word' id='word_1_118' title='bbox 647 1584 931 1650; x_wconf 89' lang='lat' dir='ltr'>temporis.</span> <span class='ocrx_word' id='word_1_119' title='bbox 1038 1584 1187 1651; x_wconf 75' lang='lat' dir='ltr'>Quid</span> <span class='ocrx_word' id='word_1_120' title='bbox 1232 1585 1287 1634; x_wconf 93' lang='lat' dir='ltr'>in</span> <span class='ocrx_word' id='word_1_121' title='bbox 1338 1601 1402 1635; x_wconf 94' lang='lat' dir='ltr'>eo</span> <span class='ocrx_word' id='word_1_122' title='bbox 1451 1601 1657 1652; x_wconf 85' lang='lat' dir='ltr'>genere</span> <span class='ocrx_word' id='word_1_123' title='bbox 1702 1584 1920 1635; x_wconf 87' lang='lat' dir='ltr'>efficere</span> 
     </span>
     <span class='ocr_line' id='line_1_17' title="bbox 182 1674 1919 1741; baseline -0.001 -16"><span class='ocrx_word' id='word_1_124' title='bbox 182 1675 379 1741; x_wconf 84' lang='lat' dir='ltr'>possiS,</span> <span class='ocrx_word' id='word_1_125' title='bbox 410 1675 493 1725; x_wconf 91' lang='lat' dir='ltr'>tui</span> <span class='ocrx_word' id='word_1_126' title='bbox 528 1674 723 1726; x_wconf 92' lang='lat' dir='ltr'>consili</span> <span class='ocrx_word' id='word_1_127' title='bbox 759 1682 869 1736; x_wconf 91' lang='lat' dir='ltr'>est;</span> <span class='ocrx_word' id='word_1_128' title='bbox 913 1691 1015 1741; x_wconf 92' lang='lat' dir='ltr'>ego</span> <span class='ocrx_word' id='word_1_129' title='bbox 1050 1682 1107 1725; x_wconf 94' lang='lat' dir='ltr'>te</span> <span class='ocrx_word' id='word_1_130' title='bbox 1146 1675 1291 1741; x_wconf 92' lang='lat' dir='ltr'>quod</span> <span class='ocrx_word' id='word_1_131' title='bbox 1334 1675 1436 1725; x_wconf 92' lang='lat' dir='ltr'>tibi</span> <span class='ocrx_word' id='word_1_132' title='bbox 1464 1675 1650 1725; x_wconf 91' lang='lat' dir='ltr'>veniet</span> <span class='ocrx_word' id='word_1_133' title='bbox 1687 1674 1741 1724; x_wconf 91' lang='lat' dir='ltr'>in</span> <span class='ocrx_word' id='word_1_134' title='bbox 1772 1691 1919 1725; x_wconf 90' lang='lat' dir='ltr'>men-</span> 
     </span>
     <span class='ocr_line' id='line_1_18' title="bbox 182 1764 1919 1832; baseline 0 -17"><span class='ocrx_word' id='word_1_135' title='bbox 182 1773 295 1816; x_wconf 88' lang='lat' dir='ltr'>tem</span> <span class='ocrx_word' id='word_1_136' title='bbox 330 1782 453 1816; x_wconf 93' lang='lat' dir='ltr'>mea</span> <span class='ocrx_word' id='word_1_137' title='bbox 493 1765 766 1815; x_wconf 87' lang='lat' dir='ltr'>interesse</span> <span class='ocrx_word' id='word_1_138' title='bbox 804 1764 962 1815; x_wconf 90' lang='lat' dir='ltr'>valde</span> <span class='ocrx_word' id='word_1_139' title='bbox 1006 1782 1156 1832; x_wconf 82' lang='lat' dir='ltr'>rogo,</span> <span class='ocrx_word' id='word_1_140' title='bbox 1242 1764 1495 1816; x_wconf 85' lang='lat' dir='ltr'>Pluribus</span> <span class='ocrx_word' id='word_1_141' title='bbox 1528 1765 1710 1816; x_wconf 90' lang='lat' dir='ltr'>verbis</span> <span class='ocrx_word' id='word_1_142' title='bbox 1753 1765 1820 1815; x_wconf 93' lang='lat' dir='ltr'>ad</span> <span class='ocrx_word' id='word_1_143' title='bbox 1863 1772 1919 1815; x_wconf 91' lang='lat' dir='ltr'>te</span> 
     </span>
     <span class='ocr_line' id='line_1_19' title="bbox 183 1854 1917 1921; baseline -0.001 -15"><span class='ocrx_word' id='word_1_144' title='bbox 183 1855 498 1916; x_wconf 86' lang='lat' dir='ltr'>scriberem,</span> <span class='ocrx_word' id='word_1_145' title='bbox 538 1855 584 1906; x_wconf 87' lang='lat' dir='ltr'>si</span> <span class='ocrx_word' id='word_1_146' title='bbox 626 1862 719 1906; x_wconf 91' lang='lat' dir='ltr'>aut</span> <span class='ocrx_word' id='word_1_147' title='bbox 761 1863 859 1905; x_wconf 91' lang='lat' dir='ltr'>tua</span> <span class='ocrx_word' id='word_1_148' title='bbox 899 1855 1219 1905; x_wconf 92' lang='lat' dir='ltr'>humanitas</span> <span class='ocrx_word' id='word_1_149' title='bbox 1262 1855 1569 1921; x_wconf 85' lang='lat' dir='ltr'>longiorem</span> <span class='ocrx_word' id='word_1_150' title='bbox 1612 1854 1917 1905; x_wconf 91' lang='lat' dir='ltr'>orationem</span> 
     </span>
     <span class='ocr_line' id='line_1_20' title="bbox 183 1944 1916 2011; baseline -0.001 -15"><span class='ocrx_word' id='word_1_151' title='bbox 183 1952 531 2011; x_wconf 84' lang='lat' dir='ltr'>exspectaret</span> <span class='ocrx_word' id='word_1_152' title='bbox 556 1952 649 1995; x_wconf 92' lang='lat' dir='ltr'>aut</span> <span class='ocrx_word' id='word_1_153' title='bbox 673 1945 727 1995; x_wconf 92' lang='lat' dir='ltr'>id</span> <span class='ocrx_word' id='word_1_154' title='bbox 757 1944 873 1995; x_wconf 88' lang='lat' dir='ltr'>fieri</span> <span class='ocrx_word' id='word_1_155' title='bbox 903 1952 1094 1995; x_wconf 92' lang='lat' dir='ltr'>nostra</span> <span class='ocrx_word' id='word_1_156' title='bbox 1123 1944 1366 1996; x_wconf 89' lang='lat' dir='ltr'>amicitia</span> <span class='ocrx_word' id='word_1_157' title='bbox 1394 1952 1678 2010; x_wconf 89' lang='lat' dir='ltr'>pateretur</span> <span class='ocrx_word' id='word_1_158' title='bbox 1706 1952 1799 1995; x_wconf 88' lang='lat' dir='ltr'>aut</span> <span class='ocrx_word' id='word_1_159' title='bbox 1830 1961 1916 1994; x_wconf 91' lang='lat' dir='ltr'>res</span> 
     </span>
     <span class='ocr_line' id='line_1_21' title="bbox 182 2034 1917 2101; baseline -0.001 -15"><span class='ocrx_word' id='word_1_160' title='bbox 182 2036 350 2086; x_wconf 91' lang='lat' dir='ltr'>verba</span> <span class='ocrx_word' id='word_1_161' title='bbox 378 2035 716 2086; x_wconf 86' lang='lat' dir='ltr'>desideraret</span> <span class='ocrx_word' id='word_1_162' title='bbox 747 2052 808 2086; x_wconf 94' lang='lat' dir='ltr'>ac</span> <span class='ocrx_word' id='word_1_163' title='bbox 838 2052 950 2085; x_wconf 95' lang='lat' dir='ltr'>non</span> <span class='ocrx_word' id='word_1_164' title='bbox 979 2052 1077 2101; x_wconf 91' lang='lat' dir='ltr'>pro</span> <span class='ocrx_word' id='word_1_165' title='bbox 1113 2052 1172 2085; x_wconf 93' lang='lat' dir='ltr'>se</span> <span class='ocrx_word' id='word_1_166' title='bbox 1214 2035 1333 2101; x_wconf 92' lang='lat' dir='ltr'>ipsa</span> <span class='ocrx_word' id='word_1_167' title='bbox 1373 2034 1704 2101; x_wconf 88' lang='lat' dir='ltr'>loqueretur.</span> <span class='ocrx_word' id='word_1_168' title='bbox 1793 2034 1917 2085; x_wconf 89' lang='lat' dir='ltr'>Hoc</span> 
     </span>
    </p>
   </div>
   <div class='ocr_carea' id='block_1_3' title="bbox 183 2160 1008 3150">
    <p class='ocr_par' dir='ltr' id='par_1_3' title="bbox 183 2160 1008 3150">
     <span class='ocr_line' id='line_1_22' title="bbox 183 2160 1006 2212; baseline -0.001 -13"><span class='ocrx_word' id='word_1_169' title='bbox 183 2160 378 2199; x_wconf 92' lang='lat' dir='ltr'>declined</span> <span class='ocrx_word' id='word_1_170' title='bbox 414 2173 438 2199; x_wconf 91' lang='lat' dir='ltr'>a</span> <span class='ocrx_word' id='word_1_171' title='bbox 472 2161 673 2212; x_wconf 88' lang='lat' dir='ltr'>province</span> <span class='ocrx_word' id='word_1_172' title='bbox 713 2160 819 2199; x_wconf 89' lang='lat' dir='ltr'>both</span> <span class='ocrx_word' id='word_1_173' title='bbox 857 2166 900 2198; x_wconf 90' lang='lat' dir='ltr'>at</span> <span class='ocrx_word' id='word_1_174' title='bbox 933 2160 1006 2199; x_wconf 88' lang='lat' dir='ltr'>the</span> 
     </span>
     <span class='ocr_line' id='line_1_23' title="bbox 183 2215 1005 2266; baseline 0 -12"><span class='ocrx_word' id='word_1_175' title='bbox 183 2217 298 2255; x_wconf 89' lang='lat' dir='ltr'>close</span> <span class='ocrx_word' id='word_1_176' title='bbox 320 2216 366 2254; x_wconf 84' lang='lat' dir='ltr'>of</span> <span class='ocrx_word' id='word_1_177' title='bbox 386 2216 451 2255; x_wconf 89' lang='lat' dir='ltr'>his</span> <span class='ocrx_word' id='word_1_178' title='bbox 473 2216 743 2266; x_wconf 83' lang='lat' dir='ltr'>praetorship</span> <span class='ocrx_word' id='word_1_179' title='bbox 766 2215 850 2254; x_wconf 89' lang='lat' dir='ltr'>and</span> <span class='ocrx_word' id='word_1_180' title='bbox 872 2216 919 2254; x_wconf 87' lang='lat' dir='ltr'>of</span> <span class='ocrx_word' id='word_1_181' title='bbox 940 2216 1005 2254; x_wconf 91' lang='lat' dir='ltr'>his</span> 
     </span>
     <span class='ocr_line' id='line_1_24' title="bbox 183 2271 1005 2322; baseline 0 -13"><span class='ocrx_word' id='word_1_182' title='bbox 183 2271 445 2322; x_wconf 88' lang='lat' dir='ltr'>consulship.</span> <span class='ocrx_word' id='word_1_183' title='bbox 525 2272 618 2310; x_wconf 88' lang='lat' dir='ltr'>The</span> <span class='ocrx_word' id='word_1_184' title='bbox 659 2271 798 2309; x_wconf 88' lang='lat' dir='ltr'>words</span> <span class='ocrx_word' id='word_1_185' title='bbox 840 2278 1005 2310; x_wconf 88' lang='lat' dir='ltr'>contra</span> 
     </span>
     <span class='ocr_line' id='line_1_25' title="bbox 183 2326 1007 2366; baseline 0 -2"><span class='ocrx_word' id='word_1_186' title='bbox 183 2327 478 2366; x_wconf 85' lang='lat' dir='ltr'>voluntatem</span> <span class='ocrx_word' id='word_1_187' title='bbox 520 2326 705 2365; x_wconf 89' lang='lat' dir='ltr'>indicate</span> <span class='ocrx_word' id='word_1_188' title='bbox 742 2327 835 2365; x_wconf 90' lang='lat' dir='ltr'>that</span> <span class='ocrx_word' id='word_1_189' title='bbox 867 2327 907 2364; x_wconf 90' lang='lat' dir='ltr'>in</span> <span class='ocrx_word' id='word_1_190' title='bbox 940 2327 1007 2365; x_wconf 91' lang='lat' dir='ltr'>de-</span> 
     </span>
     <span class='ocr_line' id='line_1_26' title="bbox 183 2382 1004 2432; baseline -0.001 -12"><span class='ocrx_word' id='word_1_191' title='bbox 183 2383 342 2432; x_wconf 87' lang='lat' dir='ltr'>clining</span> <span class='ocrx_word' id='word_1_192' title='bbox 371 2382 627 2420; x_wconf 87' lang='lat' dir='ltr'>Macedonia</span> <span class='ocrx_word' id='word_1_193' title='bbox 654 2383 695 2420; x_wconf 93' lang='lat' dir='ltr'>in</span> <span class='ocrx_word' id='word_1_194' title='bbox 726 2382 849 2420; x_wconf 87' lang='lat' dir='ltr'>favor</span> <span class='ocrx_word' id='word_1_195' title='bbox 877 2382 924 2420; x_wconf 84' lang='lat' dir='ltr'>of</span> <span class='ocrx_word' id='word_1_196' title='bbox 957 2383 1004 2420; x_wconf 89' lang='lat' dir='ltr'>C.</span> 
     </span>
     <span class='ocr_line' id='line_1_27' title="bbox 185 2437 1008 2488; baseline 0 -13"><span class='ocrx_word' id='word_1_197' title='bbox 185 2438 401 2476; x_wconf 87' lang='lat' dir='ltr'>Antonius</span> <span class='ocrx_word' id='word_1_198' title='bbox 414 2438 455 2475; x_wconf 92' lang='lat' dir='ltr'>in</span> <span class='ocrx_word' id='word_1_199' title='bbox 472 2437 522 2488; x_wconf 82' lang='lat'>63</span> <span class='ocrx_word' id='word_1_200' title='bbox 540 2448 620 2475; x_wconf 58' lang='grc' dir='ltr'>ΒΕ.</span> <span class='ocrx_word' id='word_1_201' title='bbox 635 2438 688 2476; x_wconf 93' lang='lat' dir='ltr'>he</span> <span class='ocrx_word' id='word_1_202' title='bbox 703 2437 775 2475; x_wconf 91' lang='lat' dir='ltr'>did</span> <span class='ocrx_word' id='word_1_203' title='bbox 793 2444 868 2475; x_wconf 91' lang='lat' dir='ltr'>not</span> <span class='ocrx_word' id='word_1_204' title='bbox 886 2438 1008 2476; x_wconf 89' lang='lat' dir='ltr'>show</span> 
     </span>
     <span class='ocr_line' id='line_1_28' title="bbox 184 2493 1005 2542; baseline -0.001 -11"><span class='ocrx_word' id='word_1_205' title='bbox 184 2506 232 2531; x_wconf 92' lang='lat' dir='ltr'>so</span> <span class='ocrx_word' id='word_1_206' title='bbox 283 2493 409 2531; x_wconf 88' lang='lat' dir='ltr'>much</span> <span class='ocrx_word' id='word_1_207' title='bbox 455 2493 811 2542; x_wconf 75' lang='lat' dir='ltr'>sels-abnegation</span> <span class='ocrx_word' id='word_1_208' title='bbox 856 2506 903 2531; x_wconf 88' lang='lat' dir='ltr'>as</span> <span class='ocrx_word' id='word_1_209' title='bbox 952 2493 1005 2530; x_wconf 88' lang='lat' dir='ltr'>he</span> 
     </span>
     <span class='ocr_line' id='line_1_29' title="bbox 185 2547 1004 2587; baseline 0 -2"><span class='ocrx_word' id='word_1_210' title='bbox 185 2547 327 2586; x_wconf 87' lang='lat' dir='ltr'>would</span> <span class='ocrx_word' id='word_1_211' title='bbox 357 2548 453 2586; x_wconf 88' lang='lat' dir='ltr'>lead</span> <span class='ocrx_word' id='word_1_212' title='bbox 477 2561 525 2586; x_wconf 90' lang='lat' dir='ltr'>us</span> <span class='ocrx_word' id='word_1_213' title='bbox 548 2549 776 2587; x_wconf 88' lang='lat' dir='ltr'>elsewhere</span> <span class='ocrx_word' id='word_1_214' title='bbox 808 2555 852 2586; x_wconf 92' lang='lat' dir='ltr'>to</span> <span class='ocrx_word' id='word_1_215' title='bbox 883 2548 1004 2586; x_wconf 86' lang='lat' dir='ltr'>infer.</span> 
     </span>
     <span class='ocr_line' id='line_1_30' title="bbox 186 2603 1004 2654; baseline -0.001 -13"><span class='ocrx_word' id='word_1_216' title='bbox 186 2603 252 2641; x_wconf 84' lang='lat' dir='ltr'>Cf.</span> <span class='ocrx_word' id='word_1_217' title='bbox 281 2604 357 2654; x_wconf 87' lang='lat' dir='ltr'>Ep.</span> <span class='ocrx_word' id='word_1_218' title='bbox 383 2604 595 2641; x_wconf 86' lang='lat' dir='ltr'><strong>XXXIV.</strong></span> <span class='ocrx_word' id='word_1_219' title='bbox 624 2615 672 2654; x_wconf 88' lang='lat'>13</span> <span class='ocrx_word' id='word_1_220' title='bbox 701 2605 739 2640; x_wconf 82' lang='lat' dir='ltr'>si</span> <span class='ocrx_word' id='word_1_221' title='bbox 768 2605 1004 2654; x_wconf 78' lang='lat' dir='ltr'>quisquam,</span> 
     </span>
     <span class='ocr_line' id='line_1_31' title="bbox 185 2659 1007 2708; baseline -0.001 -11"><span class='ocrx_word' id='word_1_222' title='bbox 185 2666 263 2697; x_wconf 90' lang='lat' dir='ltr'>etc.</span> <span class='ocrx_word' id='word_1_223' title='bbox 302 2659 382 2697; x_wconf 90' lang='lat' dir='ltr'>His</span> <span class='ocrx_word' id='word_1_224' title='bbox 404 2659 668 2708; x_wconf 91' lang='lat' dir='ltr'>assignment</span> <span class='ocrx_word' id='word_1_225' title='bbox 692 2665 736 2696; x_wconf 91' lang='lat' dir='ltr'>to</span> <span class='ocrx_word' id='word_1_226' title='bbox 759 2671 783 2696; x_wconf 90' lang='lat' dir='ltr'>a</span> <span class='ocrx_word' id='word_1_227' title='bbox 803 2659 1007 2708; x_wconf 86' lang='lat' dir='ltr'>province</span> 
     </span>
     <span class='ocr_line' id='line_1_32' title="bbox 185 2714 1006 2752; baseline 0.001 -1"><span class='ocrx_word' id='word_1_228' title='bbox 185 2715 224 2751; x_wconf 91' lang='lat' dir='ltr'>in</span> <span class='ocrx_word' id='word_1_229' title='bbox 249 2714 333 2752; x_wconf 90' lang='lat' dir='ltr'>this</span> <span class='ocrx_word' id='word_1_230' title='bbox 355 2726 452 2752; x_wconf 88' lang='lat' dir='ltr'>case</span> <span class='ocrx_word' id='word_1_231' title='bbox 474 2727 559 2752; x_wconf 85' lang='lat' dir='ltr'>was</span> <span class='ocrx_word' id='word_1_232' title='bbox 583 2727 664 2752; x_wconf 94' lang='lat' dir='ltr'>one</span> <span class='ocrx_word' id='word_1_233' title='bbox 687 2714 732 2751; x_wconf 85' lang='lat' dir='ltr'>of</span> <span class='ocrx_word' id='word_1_234' title='bbox 758 2714 830 2752; x_wconf 86' lang='lat' dir='ltr'>the</span> <span class='ocrx_word' id='word_1_235' title='bbox 852 2714 1006 2752; x_wconf 89' lang='lat' dir='ltr'>results</span> 
     </span>
     <span class='ocr_line' id='line_1_33' title="bbox 185 2769 1007 2819; baseline 0 -13"><span class='ocrx_word' id='word_1_236' title='bbox 185 2769 231 2806; x_wconf 89' lang='lat' dir='ltr'>of</span> <span class='ocrx_word' id='word_1_237' title='bbox 261 2782 285 2807; x_wconf 87' lang='lat' dir='ltr'>a</span> <span class='ocrx_word' id='word_1_238' title='bbox 315 2770 396 2807; x_wconf 88' lang='lat' dir='ltr'>law</span> <span class='ocrx_word' id='word_1_239' title='bbox 422 2769 578 2819; x_wconf 86' lang='lat' dir='ltr'>passed</span> <span class='ocrx_word' id='word_1_240' title='bbox 610 2769 752 2807; x_wconf 90' lang='lat' dir='ltr'>rather</span> <span class='ocrx_word' id='word_1_241' title='bbox 782 2775 1007 2818; x_wconf 87' lang='lat' dir='ltr'>unexpect-</span> 
     </span>
     <span class='ocr_line' id='line_1_34' title="bbox 184 2823 1005 2876; baseline -0.001 -15"><span class='ocrx_word' id='word_1_242' title='bbox 184 2823 296 2876; x_wconf 79' lang='lat' dir='ltr'>edly3</span> <span class='ocrx_word' id='word_1_243' title='bbox 338 2825 391 2862; x_wconf 88' lang='lat' dir='ltr'>cf.</span> <span class='ocrx_word' id='word_1_244' title='bbox 426 2825 527 2862; x_wconf 90' lang='lat' dir='ltr'>Intr.</span> <span class='ocrx_word' id='word_1_245' title='bbox 560 2824 918 2862; x_wconf 84' lang='lat' dir='ltr'>22.—amicior:</span> <span class='ocrx_word' id='word_1_246' title='bbox 952 2823 1005 2861; x_wconf 83' lang='lat' dir='ltr'>cf.</span> 
     </span>
     <span class='ocr_line' id='line_1_35' title="bbox 184 2880 1004 2932; baseline 0 -16"><span class='ocrx_word' id='word_1_247' title='bbox 184 2881 389 2928; x_wconf 69' lang='lat' dir='ltr'>Appium,</span> <span class='ocrx_word' id='word_1_248' title='bbox 409 2880 486 2932; x_wconf 83' lang='lat' dir='ltr'>Ep.</span> <span class='ocrx_word' id='word_1_249' title='bbox 506 2880 633 2916; x_wconf 90' lang='lat' dir='ltr'>VIII.</span> <span class='ocrx_word' id='word_1_250' title='bbox 655 2891 674 2917; x_wconf 85' lang='lat'><strong>2</strong></span> <span class='ocrx_word' id='word_1_251' title='bbox 693 2892 731 2916; x_wconf 93' lang='lat' dir='ltr'>n.</span> <span class='ocrx_word' id='word_1_252' title='bbox 748 2902 800 2906; x_wconf 81' lang='lat'>—</span> <span class='ocrx_word' id='word_1_253' title='bbox 815 2891 1004 2917; x_wconf 85' lang='lat' dir='ltr'>summa</span> 
     </span>
     <span class='ocr_line' id='line_1_36' title="bbox 184 2934 1002 2983; baseline -0.001 -11"><span class='ocrx_word' id='word_1_254' title='bbox 184 2935 516 2973; x_wconf 86' lang='lat' dir='ltr'>coniunctione</span> <span class='ocrx_word' id='word_1_255' title='bbox 539 2949 547 2972; x_wconf 81' lang='lat' dir='ltr'><strong><em>z</em></strong></span> <span class='ocrx_word' id='word_1_256' title='bbox 576 2934 681 2972; x_wconf 91' lang='lat' dir='ltr'>both</span> <span class='ocrx_word' id='word_1_257' title='bbox 705 2947 813 2972; x_wconf 89' lang='lat' dir='ltr'>were</span> <span class='ocrx_word' id='word_1_258' title='bbox 835 2946 1002 2983; x_wconf 85' lang='lat' dir='ltr'>augurs.</span> 
     </span>
     <span class='ocr_line' id='line_1_37' title="bbox 186 2989 1003 3039; baseline -0.002 -12"><span class='ocrx_word' id='word_1_259' title='bbox 186 2990 266 3027; x_wconf 85' lang='lat' dir='ltr'>See</span> <span class='ocrx_word' id='word_1_260' title='bbox 282 2990 372 3027; x_wconf 79' lang='lat' dir='ltr'>also</span> <span class='ocrx_word' id='word_1_261' title='bbox 385 2992 562 3028; x_wconf 78' lang='lat' dir='ltr'>amicior</span> <span class='ocrx_word' id='word_1_262' title='bbox 578 2989 726 3027; x_wconf 87' lang='lat' dir='ltr'>above.</span> <span class='ocrx_word' id='word_1_263' title='bbox 738 3012 790 3016; x_wconf 85' lang='lat'>——-</span> <span class='ocrx_word' id='word_1_264' title='bbox 805 3001 1003 3039; x_wconf 84' lang='lat' dir='ltr'>quaeso:</span> 
     </span>
     <span class='ocr_line' id='line_1_38' title="bbox 183 3043 1002 3096; baseline -0.002 -14"><span class='ocrx_word' id='word_1_265' title='bbox 183 3044 283 3082; x_wconf 90' lang='lat' dir='ltr'>here</span> <span class='ocrx_word' id='word_1_266' title='bbox 312 3045 428 3093; x_wconf 83' lang='lat' dir='ltr'>(with</span> <span class='ocrx_word' id='word_1_267' title='bbox 464 3045 592 3095; x_wconf 86' lang='lat' dir='ltr'>peto)</span> <span class='ocrx_word' id='word_1_268' title='bbox 625 3043 827 3082; x_wconf 83' lang='lat' dir='ltr'>followed</span> <span class='ocrx_word' id='word_1_269' title='bbox 863 3044 917 3096; x_wconf 90' lang='lat' dir='ltr'>by</span> <span class='ocrx_word' id='word_1_270' title='bbox 950 3056 1002 3081; x_wconf 88' lang='lat' dir='ltr'>an</span> 
     </span>
     <span class='ocr_line' id='line_1_39' title="bbox 183 3098 1001 3150; baseline 0 -14"><span class='ocrx_word' id='word_1_271' title='bbox 183 3098 327 3150; x_wconf 92' lang='lat' dir='ltr'>object</span> <span class='ocrx_word' id='word_1_272' title='bbox 361 3100 515 3144; x_wconf 87' lang='lat' dir='ltr'>clause,</span> <span class='ocrx_word' id='word_1_273' title='bbox 538 3123 591 3127; x_wconf 93' lang='lat'>——</span> <span class='ocrx_word' id='word_1_274' title='bbox 612 3112 637 3137; x_wconf 91' lang='lat' dir='ltr'>a</span> <span class='ocrx_word' id='word_1_275' title='bbox 676 3111 766 3137; x_wconf 90' lang='lat' dir='ltr'>rare</span> <span class='ocrx_word' id='word_1_276' title='bbox 801 3112 887 3137; x_wconf 91' lang='lat' dir='ltr'>use.</span> <span class='ocrx_word' id='word_1_277' title='bbox 952 3099 1001 3136; x_wconf 93' lang='lat' dir='ltr'>In</span> 
     </span>
    </p>
   </div>
   <div class='ocr_carea' id='block_1_4' title="bbox 1088 2158 1918 3148">
    <p class='ocr_par' dir='ltr' id='par_1_4' title="bbox 1091 2158 1918 2928">
     <span class='ocr_line' id='line_1_40' title="bbox 1093 2158 1918 2210; baseline -0.002 -11"><span class='ocrx_word' id='word_1_278' title='bbox 1093 2160 1286 2199; x_wconf 84' lang='lat' dir='ltr'>classical</span> <span class='ocrx_word' id='word_1_279' title='bbox 1314 2173 1441 2210; x_wconf 89' lang='lat' dir='ltr'>prose</span> <span class='ocrx_word' id='word_1_280' title='bbox 1461 2174 1610 2210; x_wconf 81' lang='lat' dir='ltr'>quaeso</span> <span class='ocrx_word' id='word_1_281' title='bbox 1630 2159 1665 2198; x_wconf 91' lang='lat' dir='ltr'>is</span> <span class='ocrx_word' id='word_1_282' title='bbox 1698 2158 1803 2197; x_wconf 92' lang='lat' dir='ltr'>used</span> <span class='ocrx_word' id='word_1_283' title='bbox 1827 2172 1918 2209; x_wconf 90' lang='lat' dir='ltr'>par-</span> 
     </span>
     <span class='ocr_line' id='line_1_41' title="bbox 1093 2215 1917 2267; baseline -0.002 -13"><span class='ocrx_word' id='word_1_284' title='bbox 1093 2216 1369 2267; x_wconf 90' lang='lat' dir='ltr'>enthetically</span> <span class='ocrx_word' id='word_1_285' title='bbox 1390 2215 1525 2253; x_wconf 89' lang='lat' dir='ltr'>either</span> <span class='ocrx_word' id='word_1_286' title='bbox 1553 2215 1678 2253; x_wconf 90' lang='lat' dir='ltr'>alone</span> <span class='ocrx_word' id='word_1_287' title='bbox 1700 2227 1748 2252; x_wconf 94' lang='lat' dir='ltr'>or</span> <span class='ocrx_word' id='word_1_288' title='bbox 1770 2215 1868 2252; x_wconf 90' lang='lat' dir='ltr'>with</span> <span class='ocrx_word' id='word_1_289' title='bbox 1892 2227 1917 2252; x_wconf 90' lang='lat' dir='ltr'>a</span> 
     </span>
     <span class='ocr_line' id='line_1_42' title="bbox 1092 2270 1918 2321; baseline -0.002 -12"><span class='ocrx_word' id='word_1_290' title='bbox 1092 2272 1226 2321; x_wconf 90' lang='lat' dir='ltr'>single</span> <span class='ocrx_word' id='word_1_291' title='bbox 1266 2271 1381 2309; x_wconf 89' lang='lat' dir='ltr'>word</span> <span class='ocrx_word' id='word_1_292' title='bbox 1417 2270 1487 2308; x_wconf 90' lang='lat' dir='ltr'>for</span> <span class='ocrx_word' id='word_1_293' title='bbox 1521 2283 1573 2308; x_wconf 91' lang='lat' dir='ltr'>an</span> <span class='ocrx_word' id='word_1_294' title='bbox 1614 2270 1771 2321; x_wconf 90' lang='lat' dir='ltr'>object,</span> <span class='ocrx_word' id='word_1_295' title='bbox 1803 2282 1918 2320; x_wconf 91' lang='lat' dir='ltr'>espe-</span> 
     </span>
     <span class='ocr_line' id='line_1_43' title="bbox 1093 2326 1915 2378; baseline -0.004 -13"><span class='ocrx_word' id='word_1_296' title='bbox 1093 2327 1216 2378; x_wconf 89' lang='lat' dir='ltr'>cially</span> <span class='ocrx_word' id='word_1_297' title='bbox 1235 2328 1328 2364; x_wconf 83' lang='lat' dir='ltr'>deos</span> <span class='ocrx_word' id='word_1_298' title='bbox 1357 2339 1405 2364; x_wconf 90' lang='lat' dir='ltr'>or</span> <span class='ocrx_word' id='word_1_299' title='bbox 1435 2338 1460 2364; x_wconf 90' lang='lat' dir='ltr'>a</span> <span class='ocrx_word' id='word_1_300' title='bbox 1486 2326 1686 2376; x_wconf 88' lang='lat' dir='ltr'>personal</span> <span class='ocrx_word' id='word_1_301' title='bbox 1717 2337 1915 2375; x_wconf 90' lang='lat' dir='ltr'>pronoun</span> 
     </span>
     <span class='ocr_line' id='line_1_44' title="bbox 1096 2380 1914 2433; baseline -0.004 -13"><span class='ocrx_word' id='word_1_302' title='bbox 1096 2382 1165 2433; x_wconf 85' lang='lat' dir='ltr'>(cf.</span> <span class='ocrx_word' id='word_1_303' title='bbox 1192 2382 1307 2420; x_wconf 74' lang='lat' dir='ltr'>Plcil.</span> <span class='ocrx_word' id='word_1_304' title='bbox 1341 2393 1376 2430; x_wconf 90' lang='lat'>7.</span> <span class='ocrx_word' id='word_1_305' title='bbox 1405 2381 1532 2432; x_wconf 82' lang='lat'>8).-</span> <span class='ocrx_word' id='word_1_306' title='bbox 1549 2380 1787 2426; x_wconf 87' lang='lat' dir='ltr'>consulas,</span> <span class='ocrx_word' id='word_1_307' title='bbox 1810 2386 1914 2418; x_wconf 84' lang='lat' dir='ltr'>etc.:</span> 
     </span>
     <span class='ocr_line' id='line_1_45' title="bbox 1091 2435 1916 2488; baseline -0.005 -13"><span class='ocrx_word' id='word_1_308' title='bbox 1091 2437 1265 2475; x_wconf 87' lang='lat' dir='ltr'>instead</span> <span class='ocrx_word' id='word_1_309' title='bbox 1287 2436 1333 2474; x_wconf 87' lang='lat' dir='ltr'>of</span> <span class='ocrx_word' id='word_1_310' title='bbox 1362 2437 1608 2488; x_wconf 89' lang='lat' dir='ltr'>complying</span> <span class='ocrx_word' id='word_1_311' title='bbox 1628 2436 1727 2474; x_wconf 83' lang='lat' dir='ltr'>with</span> <span class='ocrx_word' id='word_1_312' title='bbox 1752 2435 1836 2472; x_wconf 89' lang='lat' dir='ltr'>this</span> <span class='ocrx_word' id='word_1_313' title='bbox 1859 2447 1916 2472; x_wconf 90' lang='lat' dir='ltr'>re-</span> 
     </span>
     <span class='ocr_line' id='line_1_46' title="bbox 1093 2490 1911 2544; baseline -0.002 -15"><span class='ocrx_word' id='word_1_314' title='bbox 1093 2498 1232 2544; x_wconf 86' lang='lat' dir='ltr'>quest,</span> <span class='ocrx_word' id='word_1_315' title='bbox 1248 2492 1416 2542; x_wconf 88' lang='lat' dir='ltr'>Appius</span> <span class='ocrx_word' id='word_1_316' title='bbox 1434 2491 1647 2542; x_wconf 90' lang='lat' dir='ltr'>proposed</span> <span class='ocrx_word' id='word_1_317' title='bbox 1670 2503 1695 2528; x_wconf 89' lang='lat' dir='ltr'>a</span> <span class='ocrx_word' id='word_1_318' title='bbox 1711 2490 1911 2528; x_wconf 89' lang='lat' dir='ltr'>decrease</span> 
     </span>
     <span class='ocr_line' id='line_1_47' title="bbox 1091 2545 1913 2598; baseline -0.004 -13"><span class='ocrx_word' id='word_1_319' title='bbox 1091 2548 1134 2585; x_wconf 90' lang='lat' dir='ltr'>in</span> <span class='ocrx_word' id='word_1_320' title='bbox 1157 2548 1228 2585; x_wconf 89' lang='lat' dir='ltr'>the</span> <span class='ocrx_word' id='word_1_321' title='bbox 1258 2553 1408 2598; x_wconf 87' lang='lat' dir='ltr'>scanty</span> <span class='ocrx_word' id='word_1_322' title='bbox 1429 2547 1613 2598; x_wconf 88' lang='lat' dir='ltr'>military</span> <span class='ocrx_word' id='word_1_323' title='bbox 1632 2546 1749 2584; x_wconf 87' lang='lat' dir='ltr'>force</span> <span class='ocrx_word' id='word_1_324' title='bbox 1777 2545 1818 2582; x_wconf 89' lang='lat' dir='ltr'>in</span> <span class='ocrx_word' id='word_1_325' title='bbox 1842 2545 1913 2582; x_wconf 89' lang='lat' dir='ltr'>the</span> 
     </span>
     <span class='ocr_line' id='line_1_48' title="bbox 1092 2600 1909 2653; baseline -0.004 -13"><span class='ocrx_word' id='word_1_326' title='bbox 1092 2603 1294 2653; x_wconf 88' lang='lat' dir='ltr'>province</span> <span class='ocrx_word' id='word_1_327' title='bbox 1329 2602 1399 2653; x_wconf 88' lang='lat' dir='ltr'>(cf.</span> <span class='ocrx_word' id='word_1_328' title='bbox 1441 2603 1559 2640; x_wconf 67' lang='lat' dir='ltr'>fibm.</span> <span class='ocrx_word' id='word_1_329' title='bbox 1594 2613 1631 2652; x_wconf 85' lang='lat'>3.</span> <span class='ocrx_word' id='word_1_330' title='bbox 1665 2612 1700 2652; x_wconf 87' lang='lat'>3.</span> <span class='ocrx_word' id='word_1_331' title='bbox 1737 2600 1792 2649; x_wconf 84' lang='lat'>2),</span> <span class='ocrx_word' id='word_1_332' title='bbox 1824 2600 1909 2638; x_wconf 89' lang='lat' dir='ltr'>and</span> 
     </span>
     <span class='ocr_line' id='line_1_49' title="bbox 1093 2654 1915 2696; baseline -0.005 0"><span class='ocrx_word' id='word_1_333' title='bbox 1093 2657 1259 2696; x_wconf 88' lang='lat' dir='ltr'>treated</span> <span class='ocrx_word' id='word_1_334' title='bbox 1283 2657 1434 2696; x_wconf 84' lang='lat' dir='ltr'>Cicero</span> <span class='ocrx_word' id='word_1_335' title='bbox 1456 2657 1555 2695; x_wconf 78' lang='lat' dir='ltr'>with</span> <span class='ocrx_word' id='word_1_336' title='bbox 1579 2655 1757 2694; x_wconf 88' lang='lat' dir='ltr'>marked</span> <span class='ocrx_word' id='word_1_337' title='bbox 1789 2654 1915 2692; x_wconf 88' lang='lat' dir='ltr'>disre-</span> 
     </span>
     <span class='ocr_line' id='line_1_50' title="bbox 1093 2711 1912 2763; baseline -0.005 -12"><span class='ocrx_word' id='word_1_338' title='bbox 1093 2719 1212 2763; x_wconf 87' lang='lat' dir='ltr'>spect</span> <span class='ocrx_word' id='word_1_339' title='bbox 1230 2712 1300 2763; x_wconf 82' lang='lat' dir='ltr'>(cf.</span> <span class='ocrx_word' id='word_1_340' title='bbox 1316 2714 1434 2750; x_wconf 76' lang='lat' dir='ltr'>Fam.</span> <span class='ocrx_word' id='word_1_341' title='bbox 1458 2723 1494 2763; x_wconf 88' lang='lat'>3.</span> <span class='ocrx_word' id='word_1_342' title='bbox 1509 2711 1546 2749; x_wconf 83' lang='lat'>8.</span> <span class='ocrx_word' id='word_1_343' title='bbox 1562 2711 1618 2761; x_wconf 76' lang='lat'>6).</span> <span class='ocrx_word' id='word_1_344' title='bbox 1660 2711 1753 2749; x_wconf 90' lang='lat' dir='ltr'>The</span> <span class='ocrx_word' id='word_1_345' title='bbox 1766 2711 1912 2748; x_wconf 88' lang='lat' dir='ltr'>letters</span> 
     </span>
     <span class='ocr_line' id='line_1_51' title="bbox 1093 2765 1910 2805; baseline -0.004 0"><span class='ocrx_word' id='word_1_346' title='bbox 1093 2768 1139 2805; x_wconf 86' lang='lat' dir='ltr'>of</span> <span class='ocrx_word' id='word_1_347' title='bbox 1161 2768 1232 2805; x_wconf 89' lang='lat' dir='ltr'>the</span> <span class='ocrx_word' id='word_1_348' title='bbox 1255 2773 1338 2805; x_wconf 86' lang='lat' dir='ltr'>two</span> <span class='ocrx_word' id='word_1_349' title='bbox 1361 2780 1457 2804; x_wconf 90' lang='lat' dir='ltr'>men</span> <span class='ocrx_word' id='word_1_350' title='bbox 1482 2780 1551 2804; x_wconf 87' lang='lat' dir='ltr'>are</span> <span class='ocrx_word' id='word_1_351' title='bbox 1573 2767 1650 2804; x_wconf 87' lang='lat' dir='ltr'>full</span> <span class='ocrx_word' id='word_1_352' title='bbox 1673 2766 1720 2804; x_wconf 85' lang='lat' dir='ltr'>of</span> <span class='ocrx_word' id='word_1_353' title='bbox 1744 2765 1910 2803; x_wconf 89' lang='lat' dir='ltr'>mutual</span> 
     </span>
     <span class='ocr_line' id='line_1_52' title="bbox 1092 2821 1910 2871; baseline -0.004 -11"><span class='ocrx_word' id='word_1_354' title='bbox 1092 2823 1436 2860; x_wconf 86' lang='lat' dir='ltr'>recriminations</span> <span class='ocrx_word' id='word_1_355' title='bbox 1465 2822 1549 2860; x_wconf 89' lang='lat' dir='ltr'>and</span> <span class='ocrx_word' id='word_1_356' title='bbox 1581 2821 1910 2871; x_wconf 78' lang='lat' dir='ltr'>explanations3</span> 
     </span>
     <span class='ocr_line' id='line_1_53' title="bbox 1092 2878 1892 2928; baseline -0.005 -12"><span class='ocrx_word' id='word_1_357' title='bbox 1092 2878 1144 2916; x_wconf 84' lang='lat' dir='ltr'>cf.</span> <span class='ocrx_word' id='word_1_358' title='bbox 1169 2880 1287 2916; x_wconf 69' lang='lat' dir='ltr'>Elm.</span> <span class='ocrx_word' id='word_1_359' title='bbox 1312 2889 1347 2928; x_wconf 93' lang='lat'>3.</span> <span class='ocrx_word' id='word_1_360' title='bbox 1371 2889 1406 2926; x_wconf 93' lang='lat'>7.</span> <span class='ocrx_word' id='word_1_361' title='bbox 1432 2891 1478 2922; x_wconf 91' lang='lat'>2;</span> <span class='ocrx_word' id='word_1_362' title='bbox 1512 2888 1546 2927; x_wconf 90' lang='lat'>3.</span> <span class='ocrx_word' id='word_1_363' title='bbox 1571 2889 1606 2928; x_wconf 82' lang='grc'>9.</span> <span class='ocrx_word' id='word_1_364' title='bbox 1635 2888 1677 2923; x_wconf 89' lang='grc' dir='ltr'>Ι;</span> <span class='ocrx_word' id='word_1_365' title='bbox 1710 2887 1746 2927; x_wconf 90' lang='lat'>3.</span> <span class='ocrx_word' id='word_1_366' title='bbox 1773 2887 1834 2913; x_wconf 91' lang='lat'>11.</span> <span class='ocrx_word' id='word_1_367' title='bbox 1861 2885 1892 2926; x_wconf 85' lang='lat'>5.</span> 
     </span>
    </p>

    <p class='ocr_par' dir='ltr' id='par_1_5' title="bbox 1088 2930 1911 3148">
     <span class='ocr_line' id='line_1_54' title="bbox 1148 2930 1911 2981; baseline -0.005 -10"><span class='ocrx_word' id='word_1_368' title='bbox 1148 2945 1181 2970; x_wconf 90' lang='lat'>2.</span> <span class='ocrx_word' id='word_1_369' title='bbox 1216 2934 1347 2971; x_wconf 87' lang='lat' dir='ltr'>eius:</span> <span class='ocrx_word' id='word_1_370' title='bbox 1381 2939 1542 2977; x_wconf 86' lang='lat' dir='ltr'>neuter,</span> <span class='ocrx_word' id='word_1_371' title='bbox 1568 2931 1767 2981; x_wconf 88' lang='lat' dir='ltr'>partitive</span> <span class='ocrx_word' id='word_1_372' title='bbox 1798 2930 1911 2980; x_wconf 90' lang='lat' dir='ltr'>geni-</span> 
     </span>
     <span class='ocr_line' id='line_1_55' title="bbox 1091 2986 1908 3038; baseline -0.007 -12"><span class='ocrx_word' id='word_1_373' title='bbox 1091 2988 1201 3035; x_wconf 89' lang='lat' dir='ltr'>tive;</span> <span class='ocrx_word' id='word_1_374' title='bbox 1235 2988 1287 3026; x_wconf 84' lang='lat' dir='ltr'>cf.</span> <span class='ocrx_word' id='word_1_375' title='bbox 1313 2989 1433 3026; x_wconf 77' lang='lat' dir='ltr'>Fam.</span> <span class='ocrx_word' id='word_1_376' title='bbox 1459 2997 1491 3038; x_wconf 84' lang='lat'>5.</span> <span class='ocrx_word' id='word_1_377' title='bbox 1513 2986 1550 3025; x_wconf 88' lang='lat'>8.</span> <span class='ocrx_word' id='word_1_378' title='bbox 1577 2998 1615 3038; x_wconf 85' lang='lat'>5;</span> <span class='ocrx_word' id='word_1_379' title='bbox 1645 2987 1731 3024; x_wconf 83' lang='lat' dir='ltr'>Att.</span> <span class='ocrx_word' id='word_1_380' title='bbox 1764 2997 1822 3022; x_wconf 90' lang='lat'>11.</span> <span class='ocrx_word' id='word_1_381' title='bbox 1851 2996 1908 3022; x_wconf 83' lang='lat'>12.</span> 
     </span>
     <span class='ocr_line' id='line_1_56' title="bbox 1090 3041 1905 3091; baseline -0.007 -10"><span class='ocrx_word' id='word_1_382' title='bbox 1090 3044 1248 3091; x_wconf 87' lang='lat' dir='ltr'>4.—si</span> <span class='ocrx_word' id='word_1_383' title='bbox 1273 3072 1282 3081; x_wconf 91' lang='lat'>.</span> <span class='ocrx_word' id='word_1_384' title='bbox 1308 3072 1317 3080; x_wconf 90' lang='lat'>.</span> <span class='ocrx_word' id='word_1_385' title='bbox 1343 3072 1351 3080; x_wconf 95' lang='lat'>.</span> <span class='ocrx_word' id='word_1_386' title='bbox 1376 3042 1673 3080; x_wconf 86' lang='lat' dir='ltr'>intellexero:</span> <span class='ocrx_word' id='word_1_387' title='bbox 1705 3041 1757 3079; x_wconf 87' lang='lat' dir='ltr'>cf.</span> <span class='ocrx_word' id='word_1_388' title='bbox 1779 3042 1845 3077; x_wconf 86' lang='lat' dir='ltr'>si.</span> <span class='ocrx_word' id='word_1_389' title='bbox 1870 3069 1877 3076; x_wconf 98' lang='lat'>.</span> <span class='ocrx_word' id='word_1_390' title='bbox 1899 3067 1905 3074; x_wconf 95' lang='lat'>.</span> 
     </span>
     <span class='ocr_line' id='line_1_57' title="bbox 1088 3098 1603 3148; baseline -0.002 -13"><span class='ocrx_word' id='word_1_391' title='bbox 1088 3099 1241 3142; x_wconf 76' lang='lat' dir='ltr'>videro,</span> <span class='ocrx_word' id='word_1_392' title='bbox 1268 3099 1343 3148; x_wconf 88' lang='lat' dir='ltr'>Ep.</span> <span class='ocrx_word' id='word_1_393' title='bbox 1370 3098 1495 3135; x_wconf 87' lang='lat' dir='ltr'>VIII.</span> <span class='ocrx_word' id='word_1_394' title='bbox 1522 3108 1542 3148; x_wconf 82' lang='lat'>5</span> <span class='ocrx_word' id='word_1_395' title='bbox 1564 3110 1603 3134; x_wconf 84' lang='lat' dir='ltr'>n.</span> 
     </span>
    </p>
   </div>
  </div>
 </body>
</html>
