2067 3332
65 290 77 314 ἅ

689 149 969 188 CICERO’S
1012 149 1301 189 LETTERS.
1789 149 1870 191 249

116 153 236 190 Fam.
264 162 324 189 11.
351 149 406 202 1.]

115 292 171 343 in
215 292 350 342 urbe
393 308 518 342 esse
559 308 897 358 quemquam
944 298 1231 354 nostrum;
1280 292 1418 342 adeo
1463 307 1587 342 esse
1630 290 1868 342 militum

115 383 428 434 concitatos
479 382 693 433 animos
745 389 801 432 et
857 381 1050 449 plebis,
1164 382 1331 450 Quod
1388 389 1687 449 utrumque
1744 399 1868 433 6556

112 473 315 525 falsum
346 481 483 540 puto
513 491 610 524 vos
653 473 1112 535 animadvertere,
1147 481 1315 541 atque
1357 473 1492 524 illud
1524 490 1646 524 esse
1675 490 1867 524 verum

113 566 261 633 quod
293 564 516 615 Hirtius
547 565 985 626 demonstrabat,
1011 564 1212 616 timere
1243 582 1368 615 eum
1399 581 1484 626 ne,
1513 564 1559 615 si
1588 564 1868 616 mediocre

113 656 377 707 auxilium
418 655 707 723 dignitatis
747 663 971 707 nostrae
1014 656 1420 717 habuissemus,
1454 655 1638 707 nullae
1680 663 1867 723 partes

112 747 198 799 his
254 748 311 798 in
367 764 425 799 re
480 765 530 814 p.
590 747 1055 815 relinquerentur.
1141 747 1282 798 Cum
1340 747 1395 797 in
1451 747 1536 798 his
1592 747 1867 814 angustiis

110 855 377 900 versarer,
424 838 690 906 placitum
734 846 819 889 est
861 838 995 889 mihi
1048 845 1110 889 ut
1139 838 1479 905 postularem
1530 838 1867 905 legationem

111 929 339 981 liberam
372 929 508 980 mihi
547 929 886 997 reliquisque
929 929 1152 990 nostriS,
1198 937 1259 980 ut
1289 928 1473 996 aliqua
1502 946 1668 980 causa
1709 930 1867 995 profi-

111 1021 357 1073 ciscendi
403 1021 644 1072 honesta
673 1028 1051 1089 quaereretur.
1137 1021 1298 1072 Haec
1341 1037 1400 1071 se
1439 1020 1866 1087 impetraturum

110 1112 393 1179 pollicitus
433 1119 535 1174 est,
568 1129 672 1163 nec
713 1119 903 1163 tamen
947 1112 1374 1178 impetraturum
1418 1112 1668 1174 confido;
1711 1119 1869 1162 tanta

111 1211 196 1255 est
242 1203 533 1254 hominum
583 1202 885 1254 insolentia
939 1210 995 1254 et
1044 1203 1225 1254 nostri
1279 1202 1594 1255 insectatio,
1678 1202 1766 1254 Ac
1823 1203 1869 1254 si

109 1295 365 1346 dederint
397 1295 545 1362 quod
575 1295 837 1362 petimUS,
869 1302 1059 1345 tamen
1099 1294 1263 1361 paulo
1293 1302 1418 1361 post
1448 1295 1699 1345 futurum
1730 1302 1866 1361 puto

109 1393 171 1437 ut
202 1386 395 1437 hostes
425 1385 734 1437 iudicemur
763 1393 857 1437 aut
888 1403 1031 1453 aqua
1060 1393 1116 1436 et
1146 1385 1262 1453 igni
1290 1385 1452 1436 nobis
1482 1385 1863 1437 interdicatur.

112 1477 296 1544 ‘Quid
345 1494 479 1544 ergo
530 1475 649 1539 est,’
696 1477 896 1544 inquis,
947 1476 1059 1527 ‘tui
1115 1475 1382 1528 consili?'
1489 1477 1722 1527 Dandus
1779 1483 1864 1527 est

109 1566 264 1619 locus
306 1568 602 1620 fortunae:
645 1569 957 1620 cedendum
1001 1585 1068 1619 ex
1112 1568 1289 1630 Italia,
1322 1568 1672 1635 migrandum
1718 1567 1867 1618 Rho-

108 1660 240 1711 dum
283 1667 378 1711 aut
432 1659 618 1727 aliquo
672 1667 946 1711 terrarum
1001 1660 1251 1711 arbitror.
1339 1659 1401 1711 Si
1455 1659 1650 1710 melior
1704 1676 1864 1710 casus

106 1750 295 1812 fuerit,
331 1758 677 1802 revertemur
698 1752 935 1802 Romam
959 1768 970 1814 3
1013 1750 1060 1801 si
1089 1750 1401 1812 mediocriS,
1424 1749 1480 1800 in
1506 1749 1693 1800 exsilio
1723 1750 1865 1800 vive-

109 1859 267 1906 mus;
315 1842 361 1893 si
404 1829 812 1909 pessimusfad
855 1842 1156 1893 novissima
1197 1841 1396 1892 auxilia
1437 1841 1860 1893 descendemus,

1031 1980 1127 2013 tant
1163 1974 1363 2013 instance
1405 1973 1452 2012 of
1485 1973 1559 2012 the
1596 1986 1673 2012 use
1709 1973 1756 2011 of
1791 1973 1864 2013 the

110 1973 167 2027 by
186 1974 260 2013 the
282 1980 430 2014 senate
459 1975 565 2013 Mar.
593 1974 654 2014 18.
671 1999 727 2004 —
742 1975 819 2014 his
839 1988 847 2013 :
879 1976 940 2014 τῖε.

1031 2030 1162 2069 word.
1225 2029 1291 2068 Cf.
1326 2030 1431 2067 Intr.
1464 2040 1599 2081 75.—
1616 2029 1862 2068 dederint:

110 2031 294 2082 Antony
315 2030 400 2069 and
422 2031 487 2069 his
508 2031 741 2070 followers.

169 2098 204 2124 2.
237 2087 468 2138 placitum
493 2093 584 2126 est:
608 2086 661 2125 cf.
685 2088 847 2126 licitum
871 2092 940 2134 est,

112 2142 190 2192 Ep.
212 2143 395 2181 LXXV.
416 2154 439 2194 3
462 2156 501 2180 n.
559 2144 597 2181 A
622 2142 852 2182 confusion
875 2143 943 2182 be-

110 2204 249 2237 tween
300 2199 373 2237 the
423 2199 561 2238 active
623 2199 710 2237 and
770 2199 942 2250 passive

108 2254 245 2293 forms
267 2255 303 2293 is
326 2254 572 2293 noticeable
603 2255 644 2293 in
677 2255 792 2307 early
815 2255 941 2294 Latin

110 2309 197 2349 and
246 2310 291 2348 in
332 2310 565 2362 colloquial
616 2311 746 2349 Latin
788 2311 836 2349 of
885 2312 941 2349 all

109 2365 281 2417 periods
296 2382 305 2414 ;
323 2379 406 2412 see,
424 2380 509 2418 eg„
529 2367 757 2413 Guericke,
776 2368 824 2405 de
840 2368 943 2405 Lin-

105 2437 215 2475 guae
252 2423 450 2474 Vulgaris
480 2424 694 2474 Reliquz'is
722 2424 842 2473 apud
868 2425 942 2461 Pe-

109 2480 314 2525 tronium,
337 2485 431 2526 etc.‚
454 2491 518 2532 49,
552 2479 637 2517 and
672 2479 862 2525 Ronsch‚
887 2480 939 2517 st.

110 2549 152 2573 u.
180 2535 298 2587 Vulg.
320 2548 394 2588 297
414 2535 460 2574 ff.
506 2536 587 2575 See
609 2536 702 2574 also
724 2535 798 2574 the
815 2541 942 2574 state-

110 2598 229 2630 ment
264 2592 366 2630 with
408 2592 624 2631 reference
657 2598 702 2630 to
737 2591 809 2630 the
843 2604 942 2630 con-

109 2648 322 2686 servative
375 2649 561 2687 element
611 2648 654 2686 in
704 2648 939 2699 colloquial

111 2703 252 2750 Latin,
276 2704 381 2742 Intr.
405 2716 469 2753 70.
525 2704 577 2741 In
599 2704 787 2754 general,
813 2704 942 2742 collo-

110 2759 227 2810 quial
261 2760 388 2798 Latin
419 2760 454 2798 is
477 2759 796 2810 distinguished
826 2759 939 2797 from

108 2814 265 2853 formal
300 2815 427 2853 Latin
459 2815 515 2867 by
539 2828 564 2854 a
589 2816 674 2853 less
707 2814 861 2866 degree
894 2815 941 2853 of

110 2869 230 2923 fixity
259 2870 301 2908 in
335 2871 407 2909 the
439 2878 596 2909 matter
626 2871 673 2909 of
706 2871 819 2909 form
851 2870 939 2908 and

109 2926 420 2965 construction.
435 2950 490 2955 —-
505 2927 798 2977 legationem
820 2926 939 2965 libe-

111 2993 245 3020 ram:
296 2981 348 3020 cf.
389 2983 526 3033 legati,
569 2983 647 3032 Ep.
692 2982 724 3019 I.
763 2994 784 3020 2
824 2995 862 3019 n.
887 3005 941 3010 —-

110 3037 352 3088 pollicitus
385 3044 482 3076 est:
513 3051 567 3076 sc.
599 3037 939 3076 Hirtius—in-

111 3093 311 3132 sectatio
333 3108 340 3130 :
372 3093 628 3146 apparently
649 3093 722 3132 the
754 3092 847 3132 first
872 3105 939 3130 ex-

1031 2087 1085 2125 cf.
1109 2087 1321 2131 dimisero,
1346 2086 1423 2136 Ep.
1449 2085 1545 2123 XV.
1571 2097 1592 2123 2
1616 2097 1863 2135 n.——-aqua

1122 2173 1131 2181 .
1167 2142 1504 2181 interdicatur:
1541 2141 1614 2180 the
1650 2141 1862 2180 technical

1031 2198 1187 2249 phrase
1208 2198 1278 2236 for
1299 2197 1592 2236 banishment.

1088 2266 1124 2306 3.
1152 2254 1312 2304 aliquo
1335 2260 1591 2292 terrarum:
1615 2253 1667 2292 cf.
1686 2266 1767 2304 quo
1786 2259 1863 2292 ter-

1030 2324 1196 2356 rarum,
1240 2310 1330 2347 Liv.
1376 2321 1437 2360 39.
1483 2320 1569 2361 54.;
1620 2310 1692 2347 ubi
1732 2315 1863 2347 terra-

1030 2380 1144 2411 rum,
1192 2366 1280 2404 Cic.
1327 2367 1413 2403 Att.
1468 2375 1501 2417 5.
1548 2376 1608 2403 10.
1649 2376 1686 2413 4.
1767 2365 1862 2404 The

1029 2422 1215 2472 limiting
1255 2421 1442 2472 genitive
1473 2421 1508 2459 is
1538 2421 1727 2459 unusual
1758 2421 1860 2460 with

1029 2480 1196 2529 aliquem
1239 2478 1292 2516 cf.
1328 2477 1416 2515 Cic.
1448 2478 1495 2514 in
1536 2479 1623 2516 Cat.
1660 2488 1692 2514 1.
1730 2487 1862 2526 17.—

1030 2536 1090 2573 ad
1140 2534 1406 2573 novissima
1456 2532 1661 2572 auxilia:
1711 2534 1771 2570 i.e.
1814 2539 1860 2571 to

1029 2591 1177 2629 armed
1210 2591 1457 2636 resistance‚
1481 2602 1527 2627 as
1558 2588 1775 2627 indicated
1804 2588 1861 2641 by

1030 2648 1103 2685 the
1144 2646 1360 2685 reference
1402 2652 1447 2683 to
1492 2645 1587 2684 Sex.
1628 2645 1859 2695 Pompeius

1030 2703 1112 2741 and
1134 2703 1298 2741 bassus
1315 2702 1527 2740 Caecilius
1542 2700 1693 2739 below.
1707 2713 1860 2739 —no-

1028 2759 1258 2797 vissima:
1318 2759 1379 2796 zie.
1420 2764 1624 2802 extrema,
1665 2769 1691 2794 a
1731 2757 1859 2794 collo-

1029 2815 1143 2866 quial
1174 2827 1305 2864 usage
1337 2812 1510 2851 noticed
1543 2813 1598 2865 by
1620 2813 1759 2850 Varro
1794 2813 1860 2863 (de

1027 2871 1153 2920 Ling.
1185 2871 1280 2908 Lat.
1317 2869 1354 2908 6.
1392 2869 1474 2921 59),
1509 2868 1594 2906 and
1631 2868 1857 2920 employed

1027 2925 1084 2977 by
1120 2926 1271 2964 Cicero
1312 2925 1355 2962 in
1397 2937 1480 2962 one
1522 2924 1569 2962 of
1609 2924 1676 2962 his
1710 2924 1860 2962 earlier

1028 2981 1225 3020 orations
1254 2981 1359 3031 (pro
1382 2982 1500 3018 Rasc.
1538 2981 1649 3018 Com.
1675 2979 1759 3030 30),
1782 2979 1858 3017 but

1028 3036 1257 3075 otherwise
1306 3034 1492 3074 avoided
1540 3034 1596 3086 by
1644 3035 1734 3073 him
1786 3035 1857 3087 (cf.

1028 3092 1138 3131 Gell.
1184 3103 1244 3129 10.
1288 3102 1351 3129 21.
1397 3102 1412 3129 1
1438 3090 1508 3142 f.);
1549 3090 1604 3129 cf.
1636 3092 1860 3130 novissime
