2067 3332
140 148 261 187 Fam.
283 157 322 198 9.
349 143 432 198 16.]
510 112 514 116 ”
713 132 993 183 CICERo’s
1036 143 1326 183 LETTERS.
1821 144 1899 186 187

140 292 427 338 verentem
478 302 548 336 ne
602 284 772 336 Silius
819 302 920 336 suo
966 285 1166 336 nuntio
1209 285 1415 352 aliquid
1458 285 1593 336 mihi
1637 285 1899 337 sollicitu-

139 376 285 428 dinis
315 376 627 439 attulisset;
670 376 738 426 de
768 392 876 443 quo
915 382 972 426 et
1014 383 1075 426 tu
1119 376 1256 426 mihi
1299 383 1465 427 antea
1507 376 1900 443 scripseras—-

138 467 224 520 bis
266 467 489 535 quidem
534 467 731 518 eodem
783 466 1053 534 exemplo,
1099 466 1266 518 facile
1306 474 1368 517 ut
1412 466 1797 534 intellegerem
1841 475 1897 519 te

139 575 266 610 esse
294 565 637 610 commotum
656 591 731 596 —
751 564 806 609 et
837 573 942 624 ego
973 557 1076 609 tibi
1104 565 1363 609 accurate
1393 557 1787 624 rescripseram
1818 567 1893 620 ut,

138 650 416 718 quomodo
447 648 503 700 in
532 648 631 700 tali
661 666 720 700 re
749 656 918 716 atque
947 656 1217 716 tempore,
1249 656 1344 699 aut
1380 648 1672 700 liberarem
1705 657 1762 700 te
1791 650 1898 701 ista

139 758 270 793 cura
311 747 407 792 aut
450 747 604 792 certe
647 739 904 791 levarem.

138 849 246 900 que
275 831 479 883 litteris
503 831 757 883 ostendis
780 838 1021 898 quantae
1050 830 1154 881 tibi
1183 847 1348 882 curae
1379 830 1451 881 sit
1482 847 1546 881 ea
1575 848 1680 892 res,
1703 830 1799 892 siC,
1821 832 1897 882 mi

1000 739 1112 791 Sed
1154 733 1416 807 quoniam
1460 740 1726 806 proximis
1769 758 1897 808 quo-

140 923 322 985 Paete,
356 922 590 974 habeto:
632 921 894 990 quicquid
932 929 1052 973 arte
1084 921 1203 972 fieri
1247 921 1718 988 potuerit—non
1747 922 1895 973 enim

137 1013 244 1065 iam
303 1013 438 1065 satis
497 1020 585 1065 est
637 1012 870 1065 consilio
916 1029 1166 1080 pugnare
1195 1030 1206 1075 3
1275 1012 1571 1063 artificium
1619 1013 1894 1080 quoddam

137 1105 568 1173 excogitandum
626 1111 728 1166 est,
760 1137 837 1142 —
885 1104 984 1155 sed
1039 1111 1228 1163 tamen
1297 1103 1559 1171 quicquid
1629 1103 1897 1156 elaborari

136 1203 230 1248 aut
277 1195 422 1248 effici
472 1195 719 1264 potuerit
763 1196 831 1247 ad
887 1195 1121 1246 istorum
1178 1194 1629 1246 benevolentiam
1674 1195 1896 1247 concili-

136 1288 336 1339 andam
368 1295 424 1339 et
464 1287 872 1354 conligendam,
907 1303 1126 1338 summo
1168 1273 1355 1338 studio
1398 1303 1487 1337 me
1530 1294 1893 1339 consecutum

137 1395 278 1441 esse,
323 1396 427 1431 nec
467 1379 693 1440 frustra,
738 1386 799 1429 ut
842 1378 1107 1441 arbitror3
1156 1377 1237 1429 sic
1279 1377 1424 1429 enim
1470 1378 1636 1440 color,
1681 1378 1763 1430 sic
1803 1379 1895 1430 ob-

136 1487 328 1521 servor
369 1471 438 1522 ab
477 1469 736 1521 omnibus
780 1469 847 1521 iis
877 1469 970 1537 qui
1012 1486 1044 1520 a
1087 1468 1327 1520 Caesare
1364 1468 1688 1536 diliguntur,
1722 1477 1783 1520 ut
1825 1469 1895 1521 ab

123 1561 205 1613 -iis
247 1578 337 1613 me
370 1561 542 1613 amari
584 1568 793 1629 putem.
881 1561 1026 1612 Nam
1056 1560 1164 1612 etsi
1205 1577 1318 1611 non
1360 1559 1524 1611 facile
1559 1560 1896 1613 diiudicatur

137 1670 291 1705 amor
345 1670 509 1705 verus
566 1660 621 1704 et
677 1652 858 1713 fictus,
917 1651 1027 1703 nisi
1081 1651 1304 1719 aliquod
1361 1651 1557 1703 incidit
1621 1651 1894 1703 eiusmodi

136 1752 360 1812 tempus
403 1751 480 1806 ut,
525 1743 684 1817 quasi
731 1760 927 1795 aurum
973 1742 1106 1810 igni,
1153 1743 1233 1794 sic
1275 1741 1670 1794 benevolentia
1713 1742 1892 1794 fidelis

137 1835 384 1903 periculo
443 1835 626 1904 aliquo
695 1834 935 1902 perspici
1003 1833 1492 1901 possit—cetera
1546 1842 1678 1885 sunt
1734 1834 1895 1902 signa

138 1925 467 1988 communia,
490 1959 566 1964 ——
588 1926 686 1978 sed
717 1943 822 1994 ego
852 1942 964 1977 uno
994 1933 1120 1976 utor
1147 1933 1498 1993 argumentO,
1533 1926 1892 1993 quamobrem

137 2034 226 2069 me
275 2034 342 2069 ex
390 2017 576 2068 animo
624 2033 866 2084 vereque
898 1997 1158 2068 ‘arbitrer
1205 2016 1376 2084 diligi,
1415 2016 1543 2084 quia
1590 2023 1646 2067 et
1702 2024 1894 2068 nostra

136 2108 364 2160 fortuna
398 2125 464 2160 ea
498 2107 684 2160 estet
729 2108 948 2159 illorum
991 2115 1052 2159 ut
1096 2107 1394 2159 simulandi
1435 2124 1603 2159 causa
1643 2124 1757 2158 non
1799 2107 1887 2160 sit.

139 2199 226 2250 De
268 2199 361 2250 illo
404 2184 608 2261 autem,
653 2215 818 2267 quem
868 2214 1042 2266 penes
1086 2206 1172 2250 est
1215 2198 1395 2250 omnis
1438 2206 1707 2265 potestaS,
1753 2197 1890 2249 nihil

138 2359 223 2399 and
255 2366 403 2400 tastes.
459 2361 532 2399 No
552 2359 697 2399 better
725 2359 968 2411 specimens

138 2415 187 2455 of
202 2416 276 2455 the
291 2429 428 2455 sermo
444 2416 635 2454 urbanus
650 2415 736 2454 and
752 2428 810 2454 no
827 2415 970 2455 better

138 2471 271 2523 proof
314 2471 362 2510 of
407 2471 598 2510 Cicero‘s
640 2471 710 2510 wit
750 2470 835 2510 and
875 2471 972 2510 bril-

137 2527 277 2580 liancy
316 2540 363 2566 as
404 2540 429 2565 a
472 2527 757 2566 letter-writer
796 2540 876 2566 can
915 2526 970 2566 be

136 2582 275 2622 found
292 2583 395 2622 than
413 2583 456 2621 in
474 2583 547 2621 the
563 2583 712 2622 letters
730 2589 776 2621 to
797 2584 968 2622 Paetus.

199 2651 232 2677 1.
274 2639 434 2678 amavi
468 2650 710 2677 amorem:
742 2638 796 2677 cf.
828 2640 971 2678 occidi-

140 2708 215 2733 one
230 2696 422 2739 occz'sum,
444 2695 521 2745 Ep.
539 2694 755 2732 XXXIV.
774 2706 795 2744 7
815 2707 869 2741 n.,
885 2693 970 2733 and

138 2764 243 2789 cura
265 2756 314 2789 ut
338 2752 479 2789 valeas
510 2764 654 2801 meque
683 2764 798 2789 ames
826 2764 972 2796 amore

139 2807 215 2846 illo
244 2812 314 2844 tuo
343 2807 574 2856 singulari,
597 2807 718 2845 Fam.
756 2816 816 2858 15.
846 2818 908 2845 20.
933 2817 968 2858 3.

138 2862 367 2901 —Silius:
382 2861 592 2913 probably
606 2862 650 2900 P.
666 2861 794 2900 Silius
811 2863 969 2908 Nerva,

139 2924 188 2956 to
207 2918 362 2961 whom,
386 2917 509 2956 when
531 2917 586 2956 he
608 2930 694 2956 was
715 2924 972 2968 propraetor

141 2973 188 3011 of
222 2973 424 3026 Bithynia
443 2973 485 3011 in
512 2983 555 3025 51
583 2972 670 3011 and
697 2984 745 3025 50
763 2983 859 3019 B.C.,
881 2987 971 3012 sev-

140 3029 227 3068 eral
271 3029 420 3068 letters
472 3028 520 3067 of
568 3028 969 3067 recommendation

141 3084 280 3136 (Fam.
300 3096 360 3136 13.
376 3095 440 3134 47,
456 3083 611 3136 61-65)
632 3096 702 3122 are
720 3083 967 3123 addressed.

1057 2360 1200 2399 ——bis
1220 2374 1229 2398 z
1259 2359 1330 2398 for
1348 2359 1441 2398 fear
1461 2358 1556 2397 that
1578 2371 1660 2397 one
1677 2358 1815 2409 might
1836 2358 1891 2398 be

1057 2416 1157 2455 lost.
1174 2440 1228 2444 —
1251 2416 1422 2454 eodem
1471 2414 1706 2465 exemplo,
1747 2420 1785 2453 to
1823 2415 1893 2453 tlze

1058 2485 1173 2510 same
1192 2472 1336 2522 effect;
1365 2484 1412 2509 as
1433 2470 1476 2508 in
1502 2471 1628 2522 Q.sr.
1653 2482 1690 2508 2.
1718 2482 1766 2510 10
1786 2470 1889 2522 (12).

1062 2536 1096 2579 5.
1139 2528 1401 2578 Exemplum
1427 2526 1608 2571 without
1626 2527 1750 2572 idem,
1766 2526 1888 2565 when

1059 2582 1232 2634 applied
1255 2589 1300 2621 to
1327 2582 1489 2628 letters,
1508 2595 1658 2621 means
1682 2587 1690 2603 ‘
1708 2595 1733 2620 a
1753 2583 1889 2634 copy,'

1057 2652 1129 2690 eg.
1153 2640 1346 2678 Caesaris
1375 2639 1616 2677 litterarum
1647 2639 1886 2688 exemplum

1058 2695 1134 2733 tibi
1143 2695 1253 2740 misi,
1269 2695 1355 2732 Att.
1371 2705 1407 2743 7.
1422 2705 1484 2745 23.
1501 2706 1537 2746 3.
1551 2718 1607 2722 —
1620 2694 1862 2745 quomodo
1880 2710 1888 2732 ε

1058 2750 1306 2802 equivalent
1347 2757 1392 2788 to
1435 2751 1732 2801 quoquomodo,
1765 2763 1812 2788 as
1847 2750 1889 2787 in

1058 2807 1179 2844 Fam.
1227 2817 1287 2854 14.
1326 2817 1386 2854 14.
1426 2817 1440 2843 Ι
1476 2807 1679 2856 quomodo
1718 2806 1886 2857 quidem

1059 2876 1174 2900 nunc
1212 2876 1253 2899 se
1288 2875 1354 2899 res
1394 2862 1522 2907 lzabet,
1546 2891 1554 2898 .
1587 2891 1595 2898 .
1630 2891 1638 2899 .
1670 2862 1891 2900 bellissime

1058 2931 1216 2956 mecum
1240 2931 1323 2955 esse
1334 2918 1539 2967 poteritis.

1116 2985 1151 3011 2.
1188 2974 1257 3012 sic
1301 3002 1310 3011 .
1356 3002 1366 3011 .
1409 3002 1419 3011 .
1461 2973 1638 3012 habeto
1662 2988 1670 3011 :
1711 2973 1765 3012 cf.
1808 2974 1888 3024 Ep.

1060 3029 1230 3067 XXVI.
1258 3040 1271 3066 1
1309 3042 1348 3066 n.
1372 3027 1458 3066 and
1491 3029 1594 3066 Intr.
1616 3028 1683 3079 89.
1701 3029 1890 3068 —isto-

1059 3096 1164 3123 rum
1187 3099 1195 3122 ε
1227 3086 1288 3123 i.e.
1313 3083 1477 3122 Caesar
1498 3083 1584 3122 and
1605 3084 1671 3123 his
1692 3083 1868 3124 friends.
