2067 3332
102 146 222 184 Fam.
243 143 282 183 8.
310 142 392 196 15.]
679 142 960 182 CICERO’S
1003 143 1294 182 LETTERS.
1776 144 1855 187 167

101 285 244 335 hanc
287 299 467 334 meam
509 281 760 350 gloriam,
806 299 946 349 quae
988 283 1055 333 ad
1099 300 1186 334 me
1230 283 1364 334 nihil
1408 283 1669 351 pertinet,
1715 286 1853 336 deri-

100 376 257 437 deas;
299 390 440 441 quae
469 373 571 425 tibi
601 389 877 440 exponere
907 372 1016 424 nisi
1046 390 1229 424 coram
1261 391 1372 424 non
1413 391 1654 441 possum,
1688 375 1852 443 idque

101 465 356 517 celeriter
383 464 505 515 fore
537 480 724 531 sper03
771 481 898 515 nam
928 480 1033 525 me,
1067 481 1190 515 cum
1231 465 1536 532 expulisset
1581 483 1646 517 ex
1690 467 1852 518 Italia

101 555 438 622 Pompeium,
485 553 778 606 constituit
821 554 889 605 ad
932 554 1125 605 urbem
1168 571 1405 618 vocare3
1457 555 1511 606 id
1554 557 1699 623 quod
1742 557 1849 608 iarn

100 645 357 698 existimo
401 645 738 706 confectum,
773 644 881 696 nisi
924 644 971 695 si
1012 644 1206 696 maluit
1252 646 1545 712 Pompeius
1590 647 1851 699 Brundisi

99 735 507 788 circumsederi.
596 736 822 786 Peream
854 735 901 786 si
931 735 1159 786 minima
1189 753 1355 787 causa
1390 745 1474 787 est
1517 739 1851 804 properandi

97 827 204 879 isto
233 826 384 888 mihi,
422 827 568 894 quod
598 834 654 877 te
683 826 872 877 videre
903 834 957 877 et
994 826 1179 876 omnia
1221 826 1418 877 intima
1460 828 1714 880 conferre
1744 829 1849 880 dis-

97 917 282 985 cupio;
327 917 504 969 habeo
546 925 732 968 autem
776 934 939 984 quam
984 917 1173 968 multa.
1287 917 1404 968 Hui
1445 935 1653 980 vereor,
1701 921 1849 986 quod

97 1009 239 1060 solet
282 1008 415 1070 fieri,
462 1025 547 1070 ne,
594 1025 718 1059 cum
761 1015 818 1058 te
860 1007 1065 1068 videm,
1112 1007 1298 1058 omnia
1340 1008 1648 1061 obliviscar.
1737 1010 1848 1061 Sed

95 1107 281 1150 tamen
327 1099 472 1167 quod
516 1098 586 1150 ob
629 1098 809 1150 scelus
840 1098 946 1149 iter
987 1097 1124 1148 mihi
1167 1099 1546 1150 necessarium
1590 1107 1737 1151 retro
1780 1101 1848 1152 ad

95 1190 260 1257 Alpis
303 1207 497 1241 versus
541 1189 777 1241 incidit?
873 1189 1053 1250 Adeo,
1099 1190 1246 1256 quod
1291 1189 1539 1241 Intimeli
1581 1190 1638 1241 in
1679 1192 1846 1243 armis

95 1289 242 1343 sunt,
275 1297 456 1348 neque
485 1281 554 1331 de
589 1297 792 1347 magna
834 1297 1015 1331 causa.
1101 1280 1400 1342 Bellienus,
1434 1297 1604 1332 verna
1646 1282 1847 1333 Deme-

95 1371 182 1433 tri,
227 1371 320 1439 qui
369 1371 446 1423 ibi
496 1388 620 1423 cum
671 1370 948 1438 praesidio
1005 1378 1138 1432 erat,
1186 1371 1498 1422 Domitium
1549 1373 1842 1439 quendam,

95 1462 338 1514 nobilem
396 1461 489 1523 illi,
538 1461 793 1513 Caesaris
848 1460 1145 1528 hospitem,
1190 1479 1221 1512 a
1270 1462 1546 1513 contraria
1598 1463 1845 1515 factione

94 1628 173 1662 not
194 1622 332 1662 excite
353 1622 542 1674 surprise
562 1622 605 1661 in
627 1635 677 1661 so
695 1622 927 1674 colloquial

95 1692 121 1718 a
141 1679 296 1727 letter3
338 1678 392 1718 cf.
423 1692 549 1730 quam
587 1692 799 1725 conversa,
832 1684 925 1725 etc.,

96 1735 176 1786 Ep.
215 1735 377 1773 XLVI.
411 1746 432 1772 2
465 1747 504 1772 n.
572 1734 653 1773 See
694 1734 786 1772 also
827 1734 925 1773 Ter.

96 1791 211 1829 And.
244 1790 338 1842 650,
371 1789 458 1829 and
501 1790 687 1841 Spengel
729 1802 785 1828 on
827 1790 924 1828 Ter.

96 1847 211 1885 And.
244 1857 381 1898 45.—
402 1857 525 1897 quae
558 1875 569 1884 .
603 1875 613 1884 .
647 1875 657 1884 .
690 1845 923 1897 pertinet:

97 1901 170 1941 the
198 1901 352 1941 failure
375 1901 422 1940 of
452 1902 627 1940 Caelius
656 1908 701 1940 to
726 1901 851 1940 share
881 1901 924 1940 in

99 1957 297 1997 Caesar's
344 1958 466 2010 glory
508 1957 544 1996 is
594 1956 820 2008 explained
869 1957 926 2010 by

97 2025 210 2053 narn
229 2025 320 2061 me,
341 2020 420 2052 etc.
438 2037 492 2042 —
510 2025 632 2064 quae
654 2013 796 2064 (tibi):
822 2013 923 2051 with

97 2070 314 2108 reference
359 2076 405 2108 to
450 2069 523 2108 the
573 2069 747 2119 general
796 2075 924 2108 state-

95 2132 236 2165 ments
258 2125 306 2164 of
336 2125 409 2164 the
439 2125 672 2176 preceding
699 2131 919 2173 sentence,

95 2182 322 2233 especially
353 2181 425 2220 the
458 2181 631 2233 anxiety
655 2181 703 2219 of
733 2180 920 2220 Caelius.

92 2261 149 2266 —
170 2237 434 2288 expulisset
457 2252 465 2276 :
515 2251 568 2275 sc.
615 2238 781 2276 Caesar.
799 2260 855 2264 —
875 2237 921 2275 id

96 2294 248 2345 quod:
290 2293 391 2332 with
423 2292 641 2332 reference
673 2299 717 2331 to
750 2292 823 2331 the
854 2305 921 2331 ex-

91 2349 264 2400 pulsion
291 2349 338 2387 of
371 2350 561 2401 Pompey
580 2348 695 2387 from
728 2349 922 2400 Italy.—

92 2405 186 2444 nisi
227 2405 292 2444 si:
343 2404 396 2444 cf.
438 2405 526 2442 nisi
571 2405 620 2450 si,
664 2404 743 2455 Ep.
786 2404 919 2442 XIII.

95 2472 110 2498 1
147 2474 186 2499 n.

150 2529 185 2556 2.
227 2529 422 2569 peream
464 2517 530 2556 si:
576 2515 628 2555 cf.
671 2529 722 2554 ne
760 2517 919 2562 vivam,

93 2573 172 2624 Ep.
198 2574 274 2612 IV.
297 2585 322 2622 4
343 2573 571 2612 n.—isto:
604 2571 774 2611 archaic
787 2571 919 2620 form3

91 2628 144 2668 cf.
179 2629 352 2669 Servius
384 2641 440 2667 on
472 2629 599 2679 Verg.
631 2629 738 2665 Aen.
769 2626 806 2665 8.
839 2638 920 2678 423

84 2690 168 2736 pro
188 2686 270 2724 lzuc
292 2694 388 2723 HOC
407 2690 560 2723 veteres
575 2684 709 2722 dicere
725 2684 918 2728 solebant,

90 2742 200 2779 sicut
218 2747 302 2791 pro
322 2741 425 2778 illuc
454 2750 561 2778 ILLO
583 2740 777 2777 dicimus.
840 2739 920 2777 See

91 2796 183 2835 also
207 2797 312 2835 Intr.
334 2796 400 2835 81.
464 2796 513 2833 In
536 2795 629 2834 isto
652 2795 726 2833 the
748 2794 921 2833 demon-

92 2852 269 2891 strative
297 2851 473 2903 particle
494 2850 586 2902 -c(e)
610 2851 645 2889 is
666 2850 851 2900 lacking,
873 2862 921 2888 as

90 2906 123 2945 it
139 2907 174 2947 is
196 2908 238 2946 in
256 2909 327 2946 illi
341 2907 491 2946 below.
506 2931 561 2935 -—
575 2906 809 2957 discupio,
826 2912 919 2948 etc.,

93 2963 205 3001 lam
229 2964 362 3014 dying
378 2969 417 3001 to
442 2976 505 3001 see
516 2976 616 3013 you,
640 2969 719 3001 etc.
781 2960 920 3000 Verbs

92 3017 336 3058 intensified
367 3018 420 3070 by
444 3018 516 3056 the
545 3017 740 3056 addition
763 3016 810 3055 of
839 3018 919 3054 dis-

92 3071 249 3125 belong
291 3073 550 3126 exclusively
592 3079 637 3111 to
688 3071 920 3124 colloquial

1015 1622 1156 1669 Latin,
1179 1621 1265 1661 and
1296 1635 1367 1661 are
1388 1622 1552 1662 similar
1571 1623 1615 1662 in
1642 1624 1845 1675 meaning

1014 1685 1060 1716 to
1084 1678 1209 1717 those
1231 1678 1538 1729 compounded
1554 1679 1656 1717 with
1669 1685 1753 1729 per
1771 1680 1842 1731 (cf.

1015 1734 1119 1772 Intr.
1139 1734 1224 1785 77).
1258 1734 1411 1773 Cicero
1435 1735 1581 1774 allows
1603 1735 1709 1774 such
1731 1748 1844 1774 eom-

1011 1790 1197 1841 pounds,
1211 1790 1333 1829 when
1348 1796 1425 1828 not
1443 1790 1615 1841 applied
1637 1798 1682 1829 to
1703 1791 1843 1843 physi-

1012 1846 1077 1884 cal
1100 1852 1289 1892 matters,
1309 1846 1409 1898 only
1422 1846 1465 1884 in
1487 1846 1553 1885 his
1577 1859 1695 1886 more
1716 1847 1843 1886 infor-

1011 1900 1098 1939 mal
1111 1902 1300 1952 writings
1315 1901 1385 1952 (cf.
1396 1903 1613 1948 discrucio,
1624 1904 1661 1940 A
1667 1908 1709 1940 tt.
1727 1914 1787 1952 14.
1803 1903 1839 1942 6.

1017 1958 1253 2006 1;d2'laud0,
1265 1959 1354 1995 Att.
1367 1969 1403 2005 4.
1420 1969 1481 2007 17.
1498 1958 1552 2009 5),
1564 1957 1641 1996 but
1653 1958 1696 1996 in
1713 1959 1840 1997 Latin

1010 2013 1194 2065 comedy
1208 2026 1234 2051 a
1250 2013 1548 2052 considerable
1566 2013 1636 2052 list
1654 2014 1702 2052 of
1722 2014 1840 2053 them

1010 2069 1045 2108 is
1066 2068 1218 2115 found,
1233 2092 1285 2097 -—
1303 2070 1501 2115 discaveo,
1522 2070 1738 2116 discrucio,
1761 2072 1841 2109 dis-

1009 2126 1141 2174 cupio,
1164 2126 1371 2175 disperdo,
1404 2126 1600 2175 dispereo,
1633 2126 1838 2175 dispudet,

1009 2181 1478 2232 dl‘staedet.-—quarn:
1511 2188 1588 2219 not
1620 2187 1665 2219 to
1697 2181 1750 2220 be
1781 2195 1840 2220 re-

1007 2236 1170 2286 garded
1233 2250 1280 2275 as
1339 2237 1631 2289 exclamatory
1693 2237 1720 2287 (⁴
1742 2237 1841 2276 how

1007 2304 1136 2344 many
1156 2294 1162 2329 !
1181 2291 1222 2342 ’),
1240 2292 1318 2330 but
1340 2305 1386 2331 as
1408 2292 1644 2339 intensive;
1667 2292 1719 2331 cf.
1743 2294 1840 2331 reie-

1008 2349 1064 2386 cit
1089 2362 1130 2386 se
1162 2349 1208 2385 in
1248 2361 1341 2386 eum
1369 2349 1486 2398 flens
1515 2361 1641 2398 quam
1670 2349 1840 2399 famili-

1007 2405 1153 2449 ariter,
1177 2404 1274 2442 Ter.
1298 2405 1412 2441 And.
1441 2403 1529 2454 136.
1574 2404 1657 2441 We
1678 2403 1838 2442 should

1008 2459 1110 2498 then
1133 2458 1332 2498 consider
1352 2459 1426 2497 the
1447 2459 1604 2509 phrase
1635 2459 1837 2510 elliptical

1010 2515 1132 2565 (tam)
1149 2516 1284 2553 multa
1301 2528 1429 2565 qnam
1451 2515 1615 2566 (habere
1626 2515 1836 2566 possum).

1005 2594 1061 2599 —
1080 2571 1164 2610 hui
1185 2585 1192 2608 ε
1234 2570 1319 2608 like
1360 2572 1451 2609 lzem
1494 2570 1592 2621 (Ep.
1628 2570 1758 2608 XIII.
1794 2572 1834 2622 2)

1007 2626 1208 2665 confined
1231 2632 1275 2664 to
1309 2625 1540 2676 colloquial
1575 2625 1726 2673 Latin;
1767 2626 1836 2672 cf.,

1006 2695 1090 2733 eg„
1126 2683 1263 2720 Plaut.
1304 2683 1426 2720 Truc.
1471 2692 1547 2732 293
1589 2682 1701 2720 leud.
1747 2692 1835 2733 154.

1009 2738 1090 2776 See
1113 2738 1204 2776 also
1230 2738 1332 2775 Intr.
1348 2748 1481 2787 92.—
1495 2737 1553 2775 ad
1574 2737 1712 2788 Alpis
1729 2749 1837 2776 ver-

1008 2805 1092 2832 sus
1113 2809 1120 2832 :
1149 2793 1221 2832 the
1252 2792 1547 2831 combination
1575 2794 1660 2830 ad.
1685 2823 1693 2831 .
1717 2822 1725 2830 .
1747 2806 1836 2831 ver-

1006 2863 1076 2886 sus
1098 2861 1249 2888 occurs
1279 2849 1321 2886 in
1354 2848 1527 2893 Caesar,
1553 2848 1726 2894 Sallust,
1749 2848 1837 2887 and

1009 2905 1127 2956 Livy,
1155 2904 1231 2943 but
1263 2910 1339 2942 not
1370 2903 1413 2942 in
1449 2903 1613 2942 Cicero.
1684 2905 1837 2943 Versus

1006 2960 1041 2999 is
1083 2967 1128 2999 to
1169 2960 1222 2998 be
1262 2959 1393 2998 taken
1434 2958 1699 3012 adverbially
1733 2960 1835 2998 with

1007 3016 1081 3054 the
1121 3015 1398 3066 preposition.
1480 3015 1521 3053 It
1567 3015 1835 3066 emphasizes

1007 3071 1081 3109 the
1103 3070 1326 3109 direction.
1343 3094 1397 3099 —
1414 3069 1504 3108 illi:
1535 3070 1604 3108 for
1624 3071 1741 3117 illic,·
1763 3084 1836 3110 see
