2067 3332
655 172 933 211 CICERO’S
977 174 1266 212 LETTERS.
1781 176 1833 217 95

84 173 209 224 Q.fr.
236 184 271 224 3.
298 183 332 225 5,
355 172 413 224 6.]

80 329 253 373 ceSSO,
288 312 385 362 sed
428 328 594 378 saepe
637 312 744 362 iam
789 312 1070 363 scribendi
1112 321 1292 364 totum
1340 315 1631 366 consilium
1677 316 1835 367 ratio-

80 420 318 471 nemque
348 402 573 455 mutavi.
659 403 803 453 Nam
834 403 939 453 iam
969 403 1186 455 duobus
1229 405 1393 456 factis
1437 404 1605 466 libriS,
1641 406 1695 456 in
1725 407 1836 474 qui-

80 495 182 546 bus
225 493 648 545 novendialibus
695 493 758 544 iis
800 493 967 555 feriiS,
1002 511 1143 561 quae
1186 495 1414 546 fuerunt
1459 496 1738 548 Tuditano
1781 506 1834 549 et

78 585 304 653 Aquilio
336 583 673 645 consulibus,
713 601 895 635 sermo
933 592 1016 635 est
1057 603 1088 636 a
1125 603 1213 636 me
1255 585 1550 638 institutus
1580 587 1836 640 Africani

81 676 264 746 (paulo
305 684 437 727 ante
481 676 739 743 mortem)
787 683 841 726 et
896 675 1066 737 Laeli,
1117 676 1271 737 Phili,
1310 677 1516 739 Manili,
1552 679 1604 730 P.
1642 679 1833 740 Rutili,

80 768 147 835 Q.
182 767 512 829 Tuberonis,
547 774 602 818 et
639 766 794 817 Laeli
833 783 1183 833 generorum,
1223 768 1401 818 Fanni
1430 776 1484 819 et
1519 769 1834 831 Scaevolae,

77 875 257 910 sermo
286 867 472 910 autem
511 859 566 909 in
609 874 809 909 novem
853 865 908 908 et
948 857 1066 909 dies
1099 866 1153 909 et
1196 858 1365 911 libros
1409 860 1738 912 distributus
1769 863 1837 913 de

77 951 286 1017 optimo
326 958 477 1001 statu
520 948 763 1001 civitatis
815 956 870 999 et
903 950 970 999 de
1017 950 1228 1016 optimo
1271 950 1390 1002 cive
1423 954 1578 1021 (sane
1620 953 1837 1004 texeba-

23 1090 28 1094 ,
76 1049 166 1092 tur
214 1058 352 1108 opus
401 1041 700 1102 luculente,
755 1042 1156 1109 hominumque
1205 1041 1449 1108 dignitas
1492 1042 1835 1109 aliquantum

76 1133 312 1184 orationi
342 1132 604 1200 ponderis
637 1133 965 1202 adferebat),
1002 1132 1040 1183 ii
1078 1133 1204 1184 libri
1247 1150 1372 1184 cum
1416 1133 1472 1183 in
1515 1133 1835 1185 Tusculano

76 1223 209 1274 mihi
251 1224 571 1291 legerentur
617 1223 878 1275 audiente
928 1223 1207 1285 SallustiO,
1242 1224 1558 1275 admonitus
1601 1242 1722 1275 sum
1766 1226 1834 1276 ab

75 1314 166 1365 illo
196 1315 371 1365 multo
403 1315 610 1366 maiore
651 1315 986 1366 auctoritate
1029 1314 1134 1366 illis
1177 1315 1246 1365 de
1290 1315 1454 1366 rebus
1499 1315 1607 1367 dici
1650 1333 1828 1382 posse,

77 1405 123 1455 si
165 1405 281 1472 ipse
325 1405 582 1472 loquerer
625 1406 693 1456 de
738 1422 796 1456 re
839 1405 1076 1472 publica,
1111 1406 1438 1472 praesertim
1484 1423 1608 1457 cum
1653 1423 1833 1458 essem

76 1513 187 1547 non
247 1497 578 1548 Heraclides
626 1497 906 1558 Ponticus,
956 1498 1054 1548 sed
1098 1496 1419 1558 consulariS,
1455 1505 1509 1547 et
1554 1497 1599 1548 is
1643 1498 1736 1565 qui
1778 1499 1833 1549 in

75 1588 321 1639 maximis
353 1596 608 1639 versatus
639 1588 697 1638 in
727 1605 788 1640 re
824 1588 1044 1655 publica
1077 1588 1245 1639 rebus
1291 1605 1496 1651 essem;
1539 1605 1678 1656 quae
1720 1597 1832 1640 tam

73 1679 318 1747 antiquis
351 1679 669 1731 hominibus
704 1679 1087 1741 attribuerem,
1123 1696 1187 1730 ea
1214 1679 1393 1730 visum
1425 1679 1489 1730 iri
1525 1680 1656 1731 ficta
1686 1697 1832 1743 esse;

74 1778 353 1821 oratorum
388 1787 702 1821 sermonem
733 1770 789 1821 in
819 1770 923 1821 illis
968 1770 1172 1821 nostris
1216 1770 1367 1821 libris
1398 1771 1491 1837 qui
1533 1779 1721 1822 essent
1765 1772 1833 1822 de

74 1861 286 1912 ratione
334 1861 555 1913 dicendi
610 1861 754 1912 belle
803 1878 835 1912 a
884 1878 972 1912 me
1018 1861 1337 1923 removisse,
1383 1863 1450 1912 ad
1502 1879 1596 1913 eos
1645 1870 1831 1913 tamen

72 1952 374 2014 rettulisse,
423 1970 560 2020 quos
620 1952 739 2019 ipse
795 1952 1087 2014 vidissem;
1151 1952 1518 2003 Aristotelem
1576 1954 1827 2020 denique,

72 2061 212 2110 quae
254 2044 322 2094 de
364 2061 422 2095 re
464 2043 684 2110 publica
745 2051 800 2094 et
856 2043 1166 2111 praestanti
1209 2043 1324 2094 viro
1383 2043 1603 2105 scribat,
1653 2044 1831 2110 ipsum

71 2134 236 2202 loqui.
322 2135 633 2186 Commovit
666 2151 770 2196 me,
806 2142 861 2186 et
904 2151 968 2185 eo
1012 2135 1191 2201 magis
1226 2136 1373 2202 quod
1414 2135 1682 2186 maximos
1726 2153 1834 2186 mo-

70 2234 160 2276 tus
190 2234 416 2277 nostrae
446 2226 681 2277 civitatis
716 2225 995 2292 attingere
1026 2243 1139 2276 non
1187 2234 1453 2292 poteram,
1489 2227 1635 2293 quod
1679 2235 1833 2277 erant

69 2316 359 2368 inferiores
404 2334 567 2384 quam
617 2316 835 2368 illorum
883 2324 1036 2367 aetas
1079 2317 1173 2384 qui
1239 2304 1623 2383 loquebantur.
1712 2318 1833 2383 Ego

69 2416 255 2458 autem
297 2408 349 2459 id
387 2408 567 2474 ipsum
613 2415 733 2459 tum
780 2424 929 2459 eram
974 2414 1218 2468 secutUS,
1254 2424 1325 2458 ne
1371 2407 1426 2457 in
1469 2416 1658 2458 nostra
1700 2416 1834 2458 tem-

68 2556 114 2592 in
165 2555 299 2593 hortis
349 2569 441 2594 esse.
465 2580 521 2585 —
552 2557 793 2597 Tuditano
859 2562 905 2597 et

70 2610 261 2661 Aquilio
294 2612 593 2652 consulibus:
625 2614 687 2651 tle.
717 2625 793 2664 129
821 2623 902 2652 B.C.

68 2677 291 2705 —serrno
325 2674 412 2714 est,
439 2675 537 2706 etc.:
573 2668 626 2707 cf.
658 2670 741 2708 Att.
772 2681 808 2719 4.
843 2668 903 2708 16.

69 2733 90 2759 2
110 2722 293 2772 (written
310 2722 352 2760 in
373 2723 470 2775 July
485 2724 532 2762 of
556 2725 641 2763 this
663 2725 905 2777 year)—in

67 2789 243 2816 novem
273 2808 282 2818 .
317 2808 327 2818 .
363 2808 372 2818 .
405 2779 582 2819 libros:
618 2780 691 2819 the
723 2779 905 2819 finished

67 2833 185 2872 work
218 2837 407 2888 actually
447 2835 679 2875 contained
722 2835 798 2875 but
839 2836 906 2875 six

66 2888 209 2930 books
243 2891 312 2941 (cf.
347 2893 396 2931 de
434 2893 536 2930 Dz'v.
570 2904 604 2930 2.
636 2892 693 2944 3).
755 2892 906 2931 About

66 2947 281 2985 one-third
304 2947 350 2986 of
372 2948 403 2986 it
428 2948 464 2987 is
498 2954 658 2987 extant.
678 2972 732 2976 —
749 2948 906 2987 horni-

66 3014 198 3042 num:
233 3004 293 3041 i.e.
322 3003 570 3048 Africanus,
605 3003 789 3049 Laelius,
817 3002 902 3041 and

66 3058 138 3097 the
161 3058 320 3098 others.
343 3081 397 3086 —
414 3059 670 3098 Sallustio:
693 3058 904 3110 probably

67 3113 138 3152 the
169 3126 269 3153 man
303 3121 348 3152 to
385 3114 527 3152 whom
562 3115 681 3152 Fam.
721 3126 756 3152 2.
790 3126 834 3164 17
868 3114 903 3152 is

1005 2555 1254 2602 addressed,
1290 2554 1375 2594 and
1414 2554 1511 2593 who
1547 2555 1702 2594 relates
1743 2555 1835 2594 Cic-

1005 2613 1115 2652 ero’s
1153 2612 1300 2651 dream
1335 2611 1376 2649 in
1410 2611 1460 2649 de
1490 2612 1594 2648 Div.
1632 2622 1663 2648 Ι.
1705 2621 1834 2663 59.—

1005 2668 1291 2708 consularis:
1323 2665 1409 2705 and
1437 2666 1652 2705 therefore
1683 2679 1707 2705 a.
1733 2679 1832 2705 man

1005 2724 1051 2762 of
1083 2725 1210 2763 much
1246 2722 1501 2775 experience
1529 2722 1571 2760 in
1602 2722 1834 2773 managing

1003 2780 1077 2819 the
1118 2780 1262 2818 affairs
1307 2779 1354 2817 of
1393 2792 1418 2817 a
1458 2784 1577 2828 great
1616 2790 1833 2817 common-

1001 2836 1168 2881 wealth‚
1202 2835 1287 2874 and
1318 2842 1395 2874 not
1432 2848 1456 2874 a
1490 2847 1603 2873 mere
1631 2833 1832 2885 publicist

1000 2892 1085 2931 like
1116 2890 1525 2930 Heraclides—de
1559 2890 1739 2929 ratione
1762 2890 1833 2929 di-

1000 2947 1162 2986 cendi:
1193 2947 1265 2985 the
1294 2948 1343 2985 de
1368 2948 1556 2993 Oratore,
1581 2946 1716 2984 which
1737 2959 1832 2997 pur—

995 3010 1117 3053 ports
1141 3009 1185 3040 to
1207 3002 1260 3041 be
1283 3015 1307 3040 a
1329 3001 1571 3040 discussion
1604 3002 1697 3040 that
1724 3001 1830 3040 took

994 3059 1116 3109 place
1138 3058 1179 3096 in
1204 3058 1392 3096 Cicero's
1415 3057 1549 3110 youth
1576 3056 1676 3108 (B.C.
1700 3057 1786 3109 91).

1054 3126 1089 3151 2.
1140 3113 1403 3157 inferiores,
1446 3126 1559 3151 more
1608 3119 1831 3152 recent.—

1869 2157 1889 2184 Ν
