2067 3332
230 188 283 230 76
794 187 1074 226 CICERO’S
1117 186 1404 225 LETTERS.
1667 185 1766 237 [Ep.
1791 186 1962 225 XVIII.

228 328 556 388 mantinum,
591 327 684 393 qui
715 343 908 376 omnes
938 343 967 376 a
997 325 1282 392 perpetuis
1315 325 1429 376 suis
1459 324 1704 375 historiis
1736 341 1800 376 ea
1828 341 1968 391 quae

227 418 340 469 dixi
367 417 513 479 bella
540 423 953 483 separaverunt,
989 423 1050 466 tu
1090 432 1309 482 quoque
1352 415 1486 465 item
1525 414 1741 466 civilem
1784 414 1967 465 coniu-

228 508 499 559 rationem
543 508 611 558 ab
661 506 958 557 hostilibus
1009 505 1366 572 externisque
1415 504 1574 556 bellis
1625 504 1964 571 seiungereS.

230 598 505 665 Equidem
536 598 603 648 ad
634 605 880 647 nostram
923 596 1136 646 laudem
1183 612 1294 646 non
1338 595 1574 645 multum
1603 595 1764 645 video
1806 594 1969 645 inter-

228 705 366 749 esse,
394 688 490 738 sed
519 688 586 738 ad
615 686 1061 753 properationem
1086 703 1264 736 meam
1289 685 1548 752 quiddam
1580 684 1830 746 interest,
1857 701 1967 735 non

228 786 284 828 te
313 785 638 844 exspectare
681 777 811 827 dum
849 777 916 826 ad
959 776 1139 827 locum
1168 775 1376 836 venias,
1410 792 1472 826 ac
1515 774 1702 825 statim
1747 791 1967 826 causam

228 868 376 918 illam
425 875 599 918 totam
650 874 704 917 et
754 874 975 932 tempus
1026 865 1284 932 arripere,
1332 873 1385 915 et
1436 865 1615 925 simul,
1662 864 1707 915 si
1755 881 1866 915 uno
1912 864 1967 914 in

228 965 557 1024 argumento
587 973 805 1023 unaque
835 955 889 1006 in
920 973 1157 1022 persona
1184 972 1342 1005 mens
1371 963 1466 1005 tua
1494 962 1612 1005 tota
1639 954 1965 1016 versabitur,

229 1065 396 1099 cerno
427 1048 532 1098 iam
563 1047 745 1098 animo
769 1053 976 1113 quanto
1001 1046 1185 1096 omnia
1214 1045 1468 1096 uberiora
1497 1053 1662 1111 atque
1691 1044 1969 1095 ornatiora

227 1138 417 1188 futura
461 1137 587 1188 sint.
690 1137 888 1203 Neque
932 1144 1120 1186 tamen
1165 1135 1358 1202 ignoro
1403 1152 1567 1202 quam
1617 1135 1969 1201 impudenter

228 1228 444 1289 faciam,
497 1228 589 1294 qui
638 1227 875 1293 primum
925 1226 1027 1277 tibi
1084 1234 1302 1276 tantum
1360 1225 1542 1276 oneris
1592 1225 1968 1291 imponam—

230 1325 416 1384 potest
473 1317 619 1367 enim
682 1316 817 1366 mihi
873 1317 1147 1383 denegare
1208 1315 1498 1382 occupatio
1552 1315 1968 1366 tua--deinde

230 1408 398 1458 etiam
443 1415 503 1458 ut
548 1423 710 1457 ornes
767 1423 855 1457 me
910 1406 1205 1472 postulem.
1293 1406 1442 1472 Quid
1488 1405 1534 1456 si
1575 1405 1666 1457 illa
1708 1405 1810 1456 tibi
1854 1422 1964 1455 non

228 1506 386 1548 tanto
416 1514 581 1564 opere
609 1497 868 1547 videntur
897 1496 1186 1546 ornanda?
1271 1495 1381 1547 Sed
1420 1503 1623 1557 tamen,
1658 1496 1752 1563 qui
1794 1496 1964 1547 semel

228 1587 594 1639 verecundiae
625 1587 749 1637 finis
779 1586 1078 1647 transierit,
1102 1603 1228 1636 eum
1258 1587 1400 1637 bene
1425 1593 1479 1637 et
1502 1585 1718 1637 naviter
1746 1594 1965 1652 oportet

231 1694 354 1728 esse
384 1678 781 1744 impudentem.
868 1677 1064 1743 Itaque
1094 1684 1150 1726 te
1180 1676 1342 1742 plane
1384 1676 1549 1727 etiam
1592 1684 1758 1743 atque
1801 1676 1965 1727 etiam

230 1784 363 1834 rogo
394 1775 453 1818 ut
484 1775 539 1818 et
581 1784 744 1817 ornes
788 1783 853 1817 ea
879 1766 1268 1817 vehementius
1312 1766 1479 1816 etiam
1522 1784 1685 1834 quam
1727 1766 1966 1817 fortasse

231 1858 422 1918 sentiS,
469 1865 524 1908 et
567 1857 622 1907 in
667 1874 731 1907 eo
780 1856 932 1923 leges
982 1856 1247 1907 historiae
1296 1856 1577 1923 neglegas,
1622 1848 1967 1923 gratiamque

1141 1986 1376 2038 adjectives
1398 1986 1483 2025 and
1514 1986 1694 2026 adverbs
1725 1999 1845 2026 came
1876 1987 1966 2026 into

1142 2055 1281 2093 vogue
1303 2043 1345 2080 in
1369 2043 1557 2082 Cicero's
1580 2043 1694 2081 time.
1748 2042 1861 2095 Only
1883 2050 1965 2081 two

228 1988 371 2027 native
385 1987 496 2033 land,
512 1988 649 2040 Sicily,
662 1987 745 2025 and
761 1987 853 2026 also
866 1999 891 2025 a
903 1986 1055 2026 sketch

230 2044 277 2082 of
290 2044 363 2082 the
379 2044 626 2094 campaigns
641 2043 688 2081 of
712 2042 908 2094 Pyrrhus.
938 2043 1057 2094 Poly-

229 2099 323 2138 bius
355 2106 500 2145 wrote,
531 2098 701 2137 besides
741 2098 806 2137 his
843 2098 1055 2136 universal

229 2155 405 2207 history,
427 2167 481 2193 an
506 2160 690 2192 account
719 2153 766 2191 of
794 2153 866 2191 the
897 2165 982 2191 war
1010 2153 1056 2191 of

231 2210 482 2248 Numantia.
547 2209 641 2248 The
676 2209 758 2246 last
791 2209 1053 2247 illustration

228 2265 264 2304 is
287 2265 512 2316 especially
532 2265 574 2302 in
606 2265 741 2315 point,
766 2264 835 2302 for
856 2277 902 2303 as
937 2264 1055 2316 Poly-

230 2320 326 2359 bius
356 2333 441 2359 was
473 2319 542 2358 led
578 2326 623 2358 to
654 2319 771 2358 write
803 2332 828 2357 a
858 2326 1054 2369 separate

229 2376 394 2428 history
415 2375 461 2413 of
488 2375 561 2414 the
584 2375 849 2413 Numantine
873 2375 978 2412 VVar
999 2374 1054 2426 by

230 2431 295 2470 his
316 2430 553 2481 friendship
582 2430 652 2468 for
681 2430 736 2468 its
767 2430 870 2468 hero
896 2430 1051 2480 Scipio,

231 2487 382 2525 Cicero
410 2486 547 2536 hopes
579 2486 672 2524 that
708 2486 917 2524 Lucceius
957 2498 1054 2537 may

229 2541 281 2581 be
302 2541 486 2580 induced
516 2541 571 2593 by
592 2554 617 2579 a
642 2541 803 2579 similar
823 2540 1053 2579 sentiment

230 2604 275 2635 to
306 2609 511 2647 compose
546 2609 572 2634 a
606 2596 764 2646 special
805 2596 1055 2634 treatise—

229 2653 437 2703 primum
455 2681 464 2690 .
482 2681 491 2690 .
509 2681 518 2689 .
535 2652 724 2689 deinde:
742 2651 892 2689 Cicero
905 2650 1053 2689 makes

232 2715 313 2746 two
336 2713 532 2759 requests
555 2706 601 2744 of
624 2706 849 2744 Lucceius:
876 2705 935 2757 (1)
962 2706 1054 2744 that

229 2763 283 2801 he
313 2763 421 2801 shall
443 2762 560 2801 write
587 2775 612 2800 a
642 2769 836 2812 separate
868 2761 1052 2806 treatise‚

232 2818 291 2869 (2)
328 2818 421 2856 that
461 2818 514 2856 he
555 2817 663 2856 shall
704 2816 948 2867 emphasize
988 2816 1053 2855 his

228 2874 560 2912 achievements.

285 2941 321 2980 3.
354 2932 475 2968 bene
495 2935 540 2966 et
558 2928 759 2966 naviter:
782 2926 950 2966 archaic
967 2925 1053 2966 and

228 2984 472 3035 colloquial.
533 2983 627 3021 The
650 2996 725 3021 use
757 2983 803 3020 of
833 2984 928 3021 bene
950 2982 1051 3020 with

229 3040 302 3078 the
341 3040 458 3078 force
501 3038 547 3077 of
596 3040 716 3076 valde
766 3044 810 3076 to
851 3037 1052 3089 intensify

1141 2097 1356 2137 instances
1397 2098 1444 2136 of
1492 2098 1577 2137 this
1623 2111 1696 2136 use
1747 2110 1876 2136 occur
1921 2098 1964 2136 in

1143 2153 1268 2191 Latin
1308 2153 1502 2205 comedy,
1542 2153 1620 2192 but
1660 2153 1819 2204 having
1859 2166 1965 2192 once

1139 2208 1278 2247 found
1299 2221 1324 2247 a
1344 2208 1548 2247 foothold
1569 2209 1611 2246 in
1636 2208 1709 2247 the
1739 2209 1963 2259 language,

1141 2264 1171 2302 it
1203 2263 1379 2303 became
1412 2264 1584 2316 quickly
1614 2277 1639 2302 a
1667 2264 1851 2302 favorite
1882 2264 1965 2302 col-

1139 2319 1395 2370 loquialism.
1457 2319 1523 2358 Cf.
1549 2320 1644 2358 Ital.
1667 2320 1761 2358 bene
1782 2318 1866 2357 and
1897 2320 1962 2357 Fr.

1139 2376 1242 2413 bien.
1290 2375 1357 2413 Cf.
1374 2375 1465 2413 also
1486 2388 1599 2420 sane,
1624 2376 1701 2425 Ep.
1726 2375 1847 2413 XVI.
1873 2386 1894 2412 2
1911 2387 1963 2419 n.‚

1139 2430 1224 2468 and
1237 2443 1308 2469 see
1328 2431 1430 2468 Intr.
1446 2442 1579 2481 90..—-
1591 2437 1637 2469 te
1660 2430 1799 2481 plane
1819 2430 1963 2468 etiam

1139 2492 1283 2536 atque
1307 2486 1452 2524 etiam
1475 2497 1609 2536 rogo:
1631 2486 1775 2524 cf.l10c
1795 2491 1832 2523 te
1853 2486 1965 2523 velze-

1139 2547 1299 2579 menter
1317 2542 1440 2578 etiam
1464 2547 1586 2592 atque
1605 2542 1728 2579 etiam
1749 2554 1855 2591 rogo,
1873 2540 1963 2578 Cic.

1139 2597 1258 2634 Fam.
1295 2607 1355 2647 13.
1391 2606 1426 2649 5.
1450 2596 1704 2647 3.—1eges
1734 2595 1962 2635 historiae

1139 2652 1402 2702 neglegas:
1444 2651 1497 2690 cf.
1531 2651 1621 2690 Cic.
1652 2652 1701 2690 de
1738 2652 1810 2690 Or.
1844 2662 1878 2688 2.
1912 2650 1961 2689 62

1141 2720 1238 2744 nam
1262 2708 1357 2758 quis
1379 2708 1508 2745 nescit
1526 2708 1719 2756 primam
1742 2719 1824 2744 esse
1844 2706 1964 2743 histo-

1139 2763 1230 2800 riae
1268 2763 1410 2813 legem,
1452 2775 1502 2800 ne
1540 2762 1646 2812 quid
1677 2762 1794 2813 falsi
1830 2762 1964 2799 dicere

1138 2818 1325 2856 audeat?
1368 2817 1517 2856 deinde
1547 2830 1597 2854 ne
1626 2818 1733 2867 quid
1757 2817 1851 2855 veri
1879 2828 1961 2853 non

1138 2873 1293 2911 audeat
1308 2872 1327 2911 ?
1368 2886 1419 2911 ne
1447 2885 1553 2922 quae
1586 2872 1766 2921 suspicio
1797 2872 1963 2921 gratiae

1138 2930 1195 2965 sit
1225 2929 1271 2964 in
1306 2928 1518 2965 scribendo
1533 2927 1553 2966 ?
1597 2940 1648 2965 ne
1681 2940 1787 2977 quae
1819 2927 1963 2964 simul-

1138 2988 1241 3020 tates
1253 2983 1273 3021 .?
1292 2983 1390 3020 haec
1404 2983 1559 3021 scilicet
1558 2983 1848 3033 fundamenta
1867 2987 1961 3018 nota

1138 3043 1241 3075 sunt
1259 3038 1461 3076 omnibus.
1511 3038 1590 3075 See
1612 3037 1703 3075 also
1728 3037 1858 3088 Pliny,
1878 3037 1959 3085 Ep.
