<?xml version="1.0" encoding="UTF-8"?>
<!DOCTYPE html PUBLIC "-//W3C//DTD XHTML 1.0 Transitional//EN"
    "http://www.w3.org/TR/xhtml1/DTD/xhtml1-transitional.dtd">
<html xmlns="http://www.w3.org/1999/xhtml" xml:lang="en" lang="en">
 <head>
  <title>
</title>
<meta http-equiv="Content-Type" content="text/html;charset=utf-8" />
  <meta name='ocr-system' content='tesseract 3.04.00' />
  <meta name='ocr-capabilities' content='ocr_page ocr_carea ocr_par ocr_line ocrx_word'/>
</head>
<body>
  <div class='ocr_page' id='page_1' title='image "./selectedletterso1898cice_0308.png"; bbox 0 0 2067 3332; ppageno 0'>
   <div class='ocr_carea' id='block_1_1' title="bbox 261 174 1992 237">
    <p class='ocr_par' dir='ltr' id='par_1_1' title="bbox 261 174 1992 237">
     <span class='ocr_line' id='line_1_1' title="bbox 261 174 1992 237; baseline 0.001 -26"><span class='ocrx_word' id='word_1_1' title='bbox 261 174 343 237; x_wconf 60' lang='lat'>226</span> <span class='ocrx_word' id='word_1_2' title='bbox 821 175 1099 235; x_wconf 59' lang='lat' dir='ltr'>CICERO’S</span> <span class='ocrx_word' id='word_1_3' title='bbox 1143 175 1429 214; x_wconf 86' lang='lat' dir='ltr'><strong>LETTERS.</strong></span> <span class='ocrx_word' id='word_1_4' title='bbox 1689 174 1787 226; x_wconf 92' lang='lat' dir='ltr'>[Ep.</span> <span class='ocrx_word' id='word_1_5' title='bbox 1812 175 1992 214; x_wconf 89' lang='lat' dir='ltr'>LXXV.</span> 
     </span>
    </p>
   </div>
   <div class='ocr_carea' id='block_1_2' title="bbox 206 299 2052 1719">
    <p class='ocr_par' dir='ltr' id='par_1_2' title="bbox 206 299 2052 1719">
     <span class='ocr_line' id='line_1_2' title="bbox 260 299 1992 379; baseline 0.001 -17"><span class='ocrx_word' id='word_1_6' title='bbox 260 328 398 378; x_wconf 91' lang='lat' dir='ltr'>quae</span> <span class='ocrx_word' id='word_1_7' title='bbox 453 313 653 378; x_wconf 84' lang='lat' dir='ltr'>oppida</span> <span class='ocrx_word' id='word_1_8' title='bbox 707 313 942 379; x_wconf 86' lang='lat' dir='ltr'>quodam</span> <span class='ocrx_word' id='word_1_9' title='bbox 1000 299 1248 379; x_wconf 84' lang='lat' dir='ltr'>tempore</span> <span class='ocrx_word' id='word_1_10' title='bbox 1304 300 1696 378; x_wconf 82' lang='lat' dir='ltr'>florentissima</span> <span class='ocrx_word' id='word_1_11' title='bbox 1748 314 1992 374; x_wconf 81' lang='lat' dir='ltr'>fuerunt,</span> 
     </span>
     <span class='ocr_line' id='line_1_3' title="bbox 259 391 1995 470; baseline 0.002 -19"><span class='ocrx_word' id='word_1_12' title='bbox 259 419 407 453; x_wconf 90' lang='lat' dir='ltr'>nunc</span> <span class='ocrx_word' id='word_1_13' title='bbox 456 409 733 468; x_wconf 90' lang='lat' dir='ltr'>prostrata</span> <span class='ocrx_word' id='word_1_14' title='bbox 781 410 836 452; x_wconf 94' lang='lat' dir='ltr'>et</span> <span class='ocrx_word' id='word_1_15' title='bbox 885 391 1068 453; x_wconf 76' lang='lat' dir='ltr'>diruta</span> <span class='ocrx_word' id='word_1_16' title='bbox 1116 411 1246 453; x_wconf 90' lang='lat' dir='ltr'>ante</span> <span class='ocrx_word' id='word_1_17' title='bbox 1295 403 1484 453; x_wconf 92' lang='lat' dir='ltr'>oculos</span> <span class='ocrx_word' id='word_1_18' title='bbox 1534 403 1730 454; x_wconf 92' lang='lat' dir='ltr'>iacent.</span> <span class='ocrx_word' id='word_1_19' title='bbox 1825 403 1995 470; x_wconf 83' lang='lat' dir='ltr'>Coepi</span> 
     </span>
     <span class='ocr_line' id='line_1_4' title="bbox 259 491 1995 558; baseline 0.001 -16"><span class='ocrx_word' id='word_1_20' title='bbox 259 499 480 558; x_wconf 80' lang='lat' dir='ltr'>egomet</span> <span class='ocrx_word' id='word_1_21' title='bbox 527 509 743 543; x_wconf 90' lang='lat' dir='ltr'>mecum</span> <span class='ocrx_word' id='word_1_22' title='bbox 793 492 870 543; x_wconf 88' lang='lat' dir='ltr'>sic</span> <span class='ocrx_word' id='word_1_23' title='bbox 920 491 1205 558; x_wconf 91' lang='lat' dir='ltr'>cogitare:</span> <span class='ocrx_word' id='word_1_24' title='bbox 1264 493 1468 543; x_wconf 82' lang='lat' dir='ltr'>‘Heml</span> <span class='ocrx_word' id='word_1_25' title='bbox 1527 509 1627 543; x_wconf 91' lang='lat' dir='ltr'>nos</span> <span class='ocrx_word' id='word_1_26' title='bbox 1675 493 1995 544; x_wconf 88' lang='lat' dir='ltr'>homunculi</span> 
     </span>
     <span class='ocr_line' id='line_1_5' title="bbox 259 581 1992 649; baseline 0.001 -17"><span class='ocrx_word' id='word_1_27' title='bbox 259 582 626 649; x_wconf 79' lang='lat' dir='ltr'>indignamur,</span> <span class='ocrx_word' id='word_1_28' title='bbox 671 581 718 633; x_wconf 90' lang='lat' dir='ltr'>si</span> <span class='ocrx_word' id='word_1_29' title='bbox 765 582 886 649; x_wconf 88' lang='lat' dir='ltr'>quis</span> <span class='ocrx_word' id='word_1_30' title='bbox 931 589 1183 633; x_wconf 88' lang='lat' dir='ltr'>nostrum</span> <span class='ocrx_word' id='word_1_31' title='bbox 1233 582 1441 632; x_wconf 91' lang='lat' dir='ltr'>interiit</span> <span class='ocrx_word' id='word_1_32' title='bbox 1489 590 1584 633; x_wconf 91' lang='lat' dir='ltr'>aut</span> <span class='ocrx_word' id='word_1_33' title='bbox 1629 583 1842 634; x_wconf 89' lang='lat' dir='ltr'>occisus</span> <span class='ocrx_word' id='word_1_34' title='bbox 1892 591 1992 644; x_wconf 91' lang='lat' dir='ltr'>est,</span> 
     </span>
     <span class='ocr_line' id='line_1_6' title="bbox 258 664 1996 740; baseline 0 -17"><span class='ocrx_word' id='word_1_35' title='bbox 258 689 491 739; x_wconf 92' lang='lat' dir='ltr'>quorum</span> <span class='ocrx_word' id='word_1_36' title='bbox 518 673 630 723; x_wconf 88' lang='lat' dir='ltr'>vita</span> <span class='ocrx_word' id='word_1_37' title='bbox 658 671 876 723; x_wconf 87' lang='lat' dir='ltr'>brevior</span> <span class='ocrx_word' id='word_1_38' title='bbox 905 688 1028 723; x_wconf 89' lang='lat' dir='ltr'>esse</span> <span class='ocrx_word' id='word_1_39' title='bbox 1057 672 1239 733; x_wconf 88' lang='lat' dir='ltr'>debet,</span> <span class='ocrx_word' id='word_1_40' title='bbox 1274 689 1398 723; x_wconf 92' lang='lat' dir='ltr'>cum</span> <span class='ocrx_word' id='word_1_41' title='bbox 1438 664 1548 723; x_wconf 88' lang='lat' dir='ltr'>uno</span> <span class='ocrx_word' id='word_1_42' title='bbox 1588 672 1709 723; x_wconf 94' lang='lat' dir='ltr'>loco</span> <span class='ocrx_word' id='word_1_43' title='bbox 1738 680 1821 723; x_wconf 87' lang='lat' dir='ltr'>tot</span> <span class='ocrx_word' id='word_1_44' title='bbox 1852 674 1996 740; x_wconf 88' lang='lat' dir='ltr'>oppi-</span> 
     </span>
     <span class='ocr_line' id='line_1_7' title="bbox 258 762 1991 829; baseline -0.001 -16"><span class='ocrx_word' id='word_1_45' title='bbox 258 763 388 813; x_wconf 92' lang='lat' dir='ltr'>dum</span> <span class='ocrx_word' id='word_1_46' title='bbox 433 763 699 813; x_wconf 87' lang='lat' dir='ltr'>cadavera</span> <span class='ocrx_word' id='word_1_47' title='bbox 746 762 994 829; x_wconf 88' lang='lat' dir='ltr'>proiecta</span> <span class='ocrx_word' id='word_1_48' title='bbox 1038 762 1262 814; x_wconf 89' lang='lat' dir='ltr'>iacent?</span> <span class='ocrx_word' id='word_1_49' title='bbox 1359 762 1535 813; x_wconf 86' lang='lat' dir='ltr'>Visne</span> <span class='ocrx_word' id='word_1_50' title='bbox 1585 770 1646 813; x_wconf 93' lang='lat' dir='ltr'>tu</span> <span class='ocrx_word' id='word_1_51' title='bbox 1694 770 1767 823; x_wconf 90' lang='lat' dir='ltr'>te,</span> <span class='ocrx_word' id='word_1_52' title='bbox 1819 762 1991 824; x_wconf 85' lang='lat' dir='ltr'>Servi,</span> 
     </span>
     <span class='ocr_line' id='line_1_8' title="bbox 259 852 1991 904; baseline -0.001 0"><span class='ocrx_word' id='word_1_53' title='bbox 259 853 515 904; x_wconf 90' lang='lat' dir='ltr'>cohibere</span> <span class='ocrx_word' id='word_1_54' title='bbox 571 861 627 903; x_wconf 94' lang='lat' dir='ltr'>et</span> <span class='ocrx_word' id='word_1_55' title='bbox 693 852 1013 903; x_wconf 86' lang='lat' dir='ltr'>meminisse</span> <span class='ocrx_word' id='word_1_56' title='bbox 1080 853 1359 903; x_wconf 91' lang='lat' dir='ltr'>hominem</span> <span class='ocrx_word' id='word_1_57' title='bbox 1429 860 1485 903; x_wconf 92' lang='lat' dir='ltr'>te</span> <span class='ocrx_word' id='word_1_58' title='bbox 1547 869 1670 903; x_wconf 88' lang='lat' dir='ltr'>esse</span> <span class='ocrx_word' id='word_1_59' title='bbox 1726 852 1991 903; x_wconf 87' lang='lat' dir='ltr'>natum?&#39;</span> 
     </span>
     <span class='ocr_line' id='line_1_9' title="bbox 260 943 1996 1009; baseline -0.001 -16"><span class='ocrx_word' id='word_1_60' title='bbox 260 943 438 994; x_wconf 87' lang='lat' dir='ltr'>Crede</span> <span class='ocrx_word' id='word_1_61' title='bbox 479 943 629 1004; x_wconf 92' lang='lat' dir='ltr'>mihi,</span> <span class='ocrx_word' id='word_1_62' title='bbox 677 943 1014 1009; x_wconf 78' lang='lat' dir='ltr'>cogitatione</span> <span class='ocrx_word' id='word_1_63' title='bbox 1056 959 1120 993; x_wconf 93' lang='lat' dir='ltr'>ea</span> <span class='ocrx_word' id='word_1_64' title='bbox 1161 960 1270 993; x_wconf 89' lang='lat' dir='ltr'>non</span> <span class='ocrx_word' id='word_1_65' title='bbox 1316 943 1664 994; x_wconf 85' lang='lat' dir='ltr'>mediocriter</span> <span class='ocrx_word' id='word_1_66' title='bbox 1708 960 1829 993; x_wconf 88' lang='lat' dir='ltr'>sum</span> <span class='ocrx_word' id='word_1_67' title='bbox 1873 960 1996 993; x_wconf 92' lang='lat' dir='ltr'>con-</span> 
     </span>
     <span class='ocr_line' id='line_1_10' title="bbox 257 1033 1995 1094; baseline 0.001 -11"><span class='ocrx_word' id='word_1_68' title='bbox 257 1034 523 1085; x_wconf 67' lang='lat' dir='ltr'>firmatus</span> <span class='ocrx_word' id='word_1_69' title='bbox 611 1033 753 1093; x_wconf 89' lang='lat' dir='ltr'>Hoc,</span> <span class='ocrx_word' id='word_1_70' title='bbox 801 1033 946 1083; x_wconf 87' lang='lat' dir='ltr'>idem</span> <span class='ocrx_word' id='word_1_71' title='bbox 990 1033 1035 1083; x_wconf 91' lang='lat' dir='ltr'>si</span> <span class='ocrx_word' id='word_1_72' title='bbox 1083 1033 1182 1083; x_wconf 90' lang='lat' dir='ltr'>tibi</span> <span class='ocrx_word' id='word_1_73' title='bbox 1223 1033 1459 1094; x_wconf 88' lang='lat' dir='ltr'>videtur,</span> <span class='ocrx_word' id='word_1_74' title='bbox 1503 1033 1593 1084; x_wconf 82' lang='lat' dir='ltr'>fac</span> <span class='ocrx_word' id='word_1_75' title='bbox 1635 1041 1764 1083; x_wconf 94' lang='lat' dir='ltr'>ante</span> <span class='ocrx_word' id='word_1_76' title='bbox 1807 1033 1995 1084; x_wconf 87' lang='lat' dir='ltr'>oculos</span> 
     </span>
     <span class='ocr_line' id='line_1_11' title="bbox 257 1110 1996 1190; baseline 0.001 -17"><span class='ocrx_word' id='word_1_77' title='bbox 257 1123 359 1174; x_wconf 88' lang='lat' dir='ltr'>tibi</span> <span class='ocrx_word' id='word_1_78' title='bbox 398 1110 689 1190; x_wconf 74' lang='lat' dir='ltr'>proponas</span> <span class='ocrx_word' id='word_1_79' title='bbox 776 1124 946 1173; x_wconf 90' lang='lat' dir='ltr'>Modo</span> <span class='ocrx_word' id='word_1_80' title='bbox 991 1140 1099 1173; x_wconf 91' lang='lat' dir='ltr'>uno</span> <span class='ocrx_word' id='word_1_81' title='bbox 1149 1131 1400 1190; x_wconf 89' lang='lat' dir='ltr'>tempore</span> <span class='ocrx_word' id='word_1_82' title='bbox 1442 1131 1526 1174; x_wconf 90' lang='lat' dir='ltr'>tot</span> <span class='ocrx_word' id='word_1_83' title='bbox 1568 1123 1668 1173; x_wconf 87' lang='lat' dir='ltr'>viri</span> <span class='ocrx_word' id='word_1_84' title='bbox 1709 1123 1996 1175; x_wconf 80' lang='lat' dir='ltr'>clarissimi</span> 
     </span>
     <span class='ocr_line' id='line_1_12' title="bbox 258 1212 1990 1279; baseline 0 -16"><span class='ocrx_word' id='word_1_85' title='bbox 258 1213 601 1273; x_wconf 87' lang='lat' dir='ltr'>interierunt,</span> <span class='ocrx_word' id='word_1_86' title='bbox 635 1213 702 1263; x_wconf 89' lang='lat' dir='ltr'>de</span> <span class='ocrx_word' id='word_1_87' title='bbox 741 1213 967 1279; x_wconf 89' lang='lat' dir='ltr'>imperio</span> <span class='ocrx_word' id='word_1_88' title='bbox 1010 1231 1060 1279; x_wconf 87' lang='lat' dir='ltr'>p.</span> <span class='ocrx_word' id='word_1_89' title='bbox 1097 1214 1162 1263; x_wconf 90' lang='lat' dir='ltr'>R.</span> <span class='ocrx_word' id='word_1_90' title='bbox 1197 1220 1353 1264; x_wconf 89' lang='lat' dir='ltr'>tanta</span> <span class='ocrx_word' id='word_1_91' title='bbox 1381 1213 1684 1263; x_wconf 90' lang='lat' dir='ltr'>deminutio</span> <span class='ocrx_word' id='word_1_92' title='bbox 1714 1212 1863 1264; x_wconf 80' lang='lat' dir='ltr'>facta</span> <span class='ocrx_word' id='word_1_93' title='bbox 1890 1221 1990 1275; x_wconf 89' lang='lat' dir='ltr'>est,</span> 
     </span>
     <span class='ocr_line' id='line_1_13' title="bbox 258 1302 1995 1369; baseline -0.001 -15"><span class='ocrx_word' id='word_1_94' title='bbox 258 1320 449 1354; x_wconf 88' lang='lat' dir='ltr'>omnes</span> <span class='ocrx_word' id='word_1_95' title='bbox 484 1303 797 1369; x_wconf 89' lang='lat' dir='ltr'>provinciae</span> <span class='ocrx_word' id='word_1_96' title='bbox 833 1311 1235 1369; x_wconf 87' lang='lat' dir='ltr'>conquassatae</span> <span class='ocrx_word' id='word_1_97' title='bbox 1275 1310 1405 1353; x_wconf 91' lang='lat' dir='ltr'>sunt</span> <span class='ocrx_word' id='word_1_98' title='bbox 1428 1320 1440 1365; x_wconf 88' lang='lat'><strong>;</strong></span> <span class='ocrx_word' id='word_1_99' title='bbox 1481 1302 1537 1353; x_wconf 92' lang='lat' dir='ltr'>in</span> <span class='ocrx_word' id='word_1_100' title='bbox 1580 1303 1740 1353; x_wconf 90' lang='lat' dir='ltr'>unius</span> <span class='ocrx_word' id='word_1_101' title='bbox 1782 1302 1995 1353; x_wconf 92' lang='lat' dir='ltr'>mulier—</span> 
     </span>
     <span class='ocr_line' id='line_1_14' title="bbox 258 1378 2052 1459; baseline -0.001 -15"><span class='ocrx_word' id='word_1_102' title='bbox 258 1393 413 1444; x_wconf 89' lang='lat' dir='ltr'>culae</span> <span class='ocrx_word' id='word_1_103' title='bbox 441 1393 682 1443; x_wconf 86' lang='lat' dir='ltr'>animula</span> <span class='ocrx_word' id='word_1_104' title='bbox 711 1393 759 1443; x_wconf 88' lang='lat' dir='ltr'>si</span> <span class='ocrx_word' id='word_1_105' title='bbox 788 1393 999 1443; x_wconf 88' lang='lat' dir='ltr'>iactura</span> <span class='ocrx_word' id='word_1_106' title='bbox 1031 1392 1180 1444; x_wconf 80' lang='lat' dir='ltr'>facta</span> <span class='ocrx_word' id='word_1_107' title='bbox 1218 1400 1318 1454; x_wconf 88' lang='lat' dir='ltr'>est,</span> <span class='ocrx_word' id='word_1_108' title='bbox 1351 1401 1510 1443; x_wconf 93' lang='lat' dir='ltr'>tanto</span> <span class='ocrx_word' id='word_1_109' title='bbox 1540 1381 1718 1459; x_wconf 21' lang='lat' dir='ltr'>*opere</span> <span class='ocrx_word' id='word_1_110' title='bbox 1761 1409 1995 1444; x_wconf 85' lang='lat' dir='ltr'>commo-</span> <span class='ocrx_word' id='word_1_111' title='bbox 2048 1378 2052 1382; x_wconf 42' lang='lat'><strong><em>¹</em></strong></span> 
     </span>
     <span class='ocr_line' id='line_1_15' title="bbox 256 1482 1992 1549; baseline -0.001 -16"><span class='ocrx_word' id='word_1_112' title='bbox 256 1483 439 1534; x_wconf 89' lang='lat' dir='ltr'>veris?</span> <span class='ocrx_word' id='word_1_113' title='bbox 525 1483 682 1549; x_wconf 75' lang='lat' dir='ltr'>Quae</span> <span class='ocrx_word' id='word_1_114' title='bbox 713 1482 760 1533; x_wconf 92' lang='lat' dir='ltr'>si</span> <span class='ocrx_word' id='word_1_115' title='bbox 795 1483 899 1533; x_wconf 93' lang='lat' dir='ltr'>hoc</span> <span class='ocrx_word' id='word_1_116' title='bbox 941 1490 1191 1549; x_wconf 89' lang='lat' dir='ltr'>tempore</span> <span class='ocrx_word' id='word_1_117' title='bbox 1232 1500 1344 1533; x_wconf 92' lang='lat' dir='ltr'>non</span> <span class='ocrx_word' id='word_1_118' title='bbox 1374 1482 1521 1533; x_wconf 89' lang='lat' dir='ltr'>diem</span> <span class='ocrx_word' id='word_1_119' title='bbox 1564 1500 1723 1533; x_wconf 86' lang='lat' dir='ltr'>suum</span> <span class='ocrx_word' id='word_1_120' title='bbox 1766 1482 1992 1544; x_wconf 86' lang='lat' dir='ltr'>obisset,</span> 
     </span>
     <span class='ocr_line' id='line_1_16' title="bbox 257 1572 1993 1640; baseline -0.001 -16"><span class='ocrx_word' id='word_1_121' title='bbox 257 1573 443 1640; x_wconf 91' lang='lat' dir='ltr'>paucis</span> <span class='ocrx_word' id='word_1_122' title='bbox 486 1581 611 1639; x_wconf 92' lang='lat' dir='ltr'>post</span> <span class='ocrx_word' id='word_1_123' title='bbox 653 1572 814 1623; x_wconf 91' lang='lat' dir='ltr'>annis</span> <span class='ocrx_word' id='word_1_124' title='bbox 857 1580 1043 1623; x_wconf 91' lang='lat' dir='ltr'>tamen</span> <span class='ocrx_word' id='word_1_125' title='bbox 1087 1573 1138 1623; x_wconf 93' lang='lat' dir='ltr'>ei</span> <span class='ocrx_word' id='word_1_126' title='bbox 1180 1573 1524 1623; x_wconf 87' lang='lat' dir='ltr'>moriendum</span> <span class='ocrx_word' id='word_1_127' title='bbox 1566 1572 1689 1634; x_wconf 81' lang='lat' dir='ltr'>fuit,</span> <span class='ocrx_word' id='word_1_128' title='bbox 1735 1572 1993 1640; x_wconf 92' lang='lat' dir='ltr'>quoniam</span> 
     </span>
     <span class='ocr_line' id='line_1_17' title="bbox 206 1662 1993 1719; baseline 0 -6"><span class='ocrx_word' id='word_1_129' title='bbox 206 1676 227 1719; x_wconf 87' lang='lat'><strong>5</strong></span> <span class='ocrx_word' id='word_1_130' title='bbox 258 1664 421 1714; x_wconf 91' lang='lat' dir='ltr'>homo</span> <span class='ocrx_word' id='word_1_131' title='bbox 457 1671 588 1713; x_wconf 91' lang='lat' dir='ltr'>nata</span> <span class='ocrx_word' id='word_1_132' title='bbox 627 1663 825 1714; x_wconf 75' lang='lat' dir='ltr'>fuerat.</span> <span class='ocrx_word' id='word_1_133' title='bbox 911 1663 1097 1714; x_wconf 89' lang='lat' dir='ltr'>Etiam</span> <span class='ocrx_word' id='word_1_134' title='bbox 1139 1671 1200 1713; x_wconf 91' lang='lat' dir='ltr'>tu</span> <span class='ocrx_word' id='word_1_135' title='bbox 1242 1664 1310 1714; x_wconf 90' lang='lat' dir='ltr'>ab</span> <span class='ocrx_word' id='word_1_136' title='bbox 1352 1663 1503 1714; x_wconf 90' lang='lat' dir='ltr'>hisce</span> <span class='ocrx_word' id='word_1_137' title='bbox 1544 1663 1709 1714; x_wconf 87' lang='lat' dir='ltr'>rebus</span> <span class='ocrx_word' id='word_1_138' title='bbox 1753 1662 1993 1713; x_wconf 90' lang='lat' dir='ltr'>animum</span> 
     </span>
    </p>
   </div>
   <div class='ocr_carea' id='block_1_3' title="bbox 250 1808 1081 2026">
    <p class='ocr_par' dir='ltr' id='par_1_3' title="bbox 250 1808 1081 2026">
     <span class='ocr_line' id='line_1_18' title="bbox 250 1808 1080 1860; baseline 0.001 -14"><span class='ocrx_word' id='word_1_139' title='bbox 250 1809 371 1860; x_wconf 77' lang='lat' dir='ltr'>gium</span> <span class='ocrx_word' id='word_1_140' title='bbox 394 1809 472 1846; x_wconf 82' lang='lat' dir='ltr'>vix</span> <span class='ocrx_word' id='word_1_141' title='bbox 492 1809 684 1847; x_wconf 84' lang='lat' dir='ltr'>relictum</span> <span class='ocrx_word' id='word_1_142' title='bbox 716 1813 783 1846; x_wconf 86' lang='lat' dir='ltr'>est.</span> <span class='ocrx_word' id='word_1_143' title='bbox 800 1832 855 1836; x_wconf 97' lang='lat'><strong>—</strong></span> <span class='ocrx_word' id='word_1_144' title='bbox 872 1808 1080 1859; x_wconf 85' lang='lat' dir='ltr'>quodam</span> 
     </span>
     <span class='ocr_line' id='line_1_19' title="bbox 257 1862 1079 1914; baseline -0.001 -12"><span class='ocrx_word' id='word_1_145' title='bbox 257 1870 495 1914; x_wconf 85' lang='lat' dir='ltr'>tempore:</span> <span class='ocrx_word' id='word_1_146' title='bbox 525 1862 594 1901; x_wconf 85' lang='lat' dir='ltr'>for</span> <span class='ocrx_word' id='word_1_147' title='bbox 623 1864 832 1914; x_wconf 81' lang='lat' dir='ltr'>quondam</span> <span class='ocrx_word' id='word_1_148' title='bbox 849 1876 867 1910; x_wconf 82' lang='lat'>,⁰</span> <span class='ocrx_word' id='word_1_149' title='bbox 899 1863 952 1902; x_wconf 83' lang='lat' dir='ltr'>cf.</span> <span class='ocrx_word' id='word_1_150' title='bbox 977 1864 1079 1902; x_wconf 87' lang='lat' dir='ltr'>Intr.</span> 
     </span>
     <span class='ocr_line' id='line_1_20' title="bbox 262 1918 1079 1970; baseline 0 -13"><span class='ocrx_word' id='word_1_151' title='bbox 262 1925 672 1970; x_wconf 87' lang='lat' dir='ltr'>101.—prostrata</span> <span class='ocrx_word' id='word_1_152' title='bbox 713 1925 759 1957; x_wconf 88' lang='lat' dir='ltr'>et</span> <span class='ocrx_word' id='word_1_153' title='bbox 799 1919 979 1958; x_wconf 86' lang='lat' dir='ltr'>diruta:</span> <span class='ocrx_word' id='word_1_154' title='bbox 1026 1918 1079 1958; x_wconf 83' lang='lat' dir='ltr'>cf.</span> 
     </span>
     <span class='ocr_line' id='line_1_21' title="bbox 250 1975 1081 2026; baseline 0.002 -14"><span class='ocrx_word' id='word_1_155' title='bbox 250 1975 444 2026; x_wconf 76' lang='lat' dir='ltr'>graviter</span> <span class='ocrx_word' id='word_1_156' title='bbox 477 1975 730 2025; x_wconf 75' lang='lat' dir='ltr'>molesteque,</span> <span class='ocrx_word' id='word_1_157' title='bbox 771 1986 1081 2014; x_wconf 80' lang='lat' dir='ltr'>1.—mecum</span> 
     </span>
    </p>
   </div>
   <div class='ocr_carea' id='block_1_4' title="bbox 173 2029 1082 2080">
    <p class='ocr_par' dir='ltr' id='par_1_4' title="bbox 173 2029 1082 2080">
     <span class='ocr_line' id='line_1_22' title="bbox 173 2029 1082 2080; baseline 0 -12"><span class='ocrx_word' id='word_1_158' title='bbox 173 2052 184 2062; x_wconf 83' lang='lat'><em>-</em></span> <span class='ocrx_word' id='word_1_159' title='bbox 260 2059 270 2068; x_wconf 92' lang='lat'>.</span> <span class='ocrx_word' id='word_1_160' title='bbox 289 2059 299 2068; x_wconf 88' lang='lat'>.</span> <span class='ocrx_word' id='word_1_161' title='bbox 319 2059 329 2068; x_wconf 91' lang='lat'>.</span> <span class='ocrx_word' id='word_1_162' title='bbox 348 2029 580 2080; x_wconf 83' lang='lat' dir='ltr'>cogitare:</span> <span class='ocrx_word' id='word_1_163' title='bbox 603 2042 628 2067; x_wconf 90' lang='lat' dir='ltr'>a</span> <span class='ocrx_word' id='word_1_164' title='bbox 642 2030 867 2080; x_wconf 88' lang='lat' dir='ltr'>pleonasm</span> <span class='ocrx_word' id='word_1_165' title='bbox 880 2042 1082 2068; x_wconf 89' lang='lat' dir='ltr'>common</span> 
     </span>
    </p>
   </div>
   <div class='ocr_carea' id='block_1_5' title="bbox 256 2083 1083 2468">
    <p class='ocr_par' dir='ltr' id='par_1_5' title="bbox 256 2083 1083 2468">
     <span class='ocr_line' id='line_1_23' title="bbox 256 2083 1080 2136; baseline -0.001 -13"><span class='ocrx_word' id='word_1_166' title='bbox 256 2086 299 2123; x_wconf 85' lang='lat' dir='ltr'>in</span> <span class='ocrx_word' id='word_1_167' title='bbox 314 2085 386 2123; x_wconf 89' lang='lat' dir='ltr'>the</span> <span class='ocrx_word' id='word_1_168' title='bbox 401 2083 520 2123; x_wconf 90' lang='lat' dir='ltr'>older</span> <span class='ocrx_word' id='word_1_169' title='bbox 535 2090 679 2135; x_wconf 86' lang='lat' dir='ltr'>poets3</span> <span class='ocrx_word' id='word_1_170' title='bbox 705 2084 866 2136; x_wconf 74' lang='lat' dir='ltr'>cf.‚e.g.,</span> <span class='ocrx_word' id='word_1_171' title='bbox 882 2086 978 2124; x_wconf 87' lang='lat' dir='ltr'>Ter.</span> <span class='ocrx_word' id='word_1_172' title='bbox 996 2086 1080 2123; x_wconf 85' lang='lat' dir='ltr'>Ad.</span> 
     </span>
     <span class='ocr_line' id='line_1_24' title="bbox 261 2139 1083 2193; baseline -0.002 -14"><span class='ocrx_word' id='word_1_173' title='bbox 261 2152 324 2192; x_wconf 87' lang='lat'>30,</span> <span class='ocrx_word' id='word_1_174' title='bbox 349 2150 427 2192; x_wconf 87' lang='lat'>500</span> <span class='ocrx_word' id='word_1_175' title='bbox 446 2155 454 2185; x_wconf 91' lang='lat'>;</span> <span class='ocrx_word' id='word_1_176' title='bbox 476 2141 594 2178; x_wconf 84' lang='lat' dir='ltr'>Eun.</span> <span class='ocrx_word' id='word_1_177' title='bbox 618 2139 721 2190; x_wconf 82' lang='lat'>6293</span> <span class='ocrx_word' id='word_1_178' title='bbox 743 2141 896 2178; x_wconf 80' lang='lat' dir='ltr'>Heaut.</span> <span class='ocrx_word' id='word_1_179' title='bbox 922 2139 1012 2193; x_wconf 80' lang='lat'>385.</span> <span class='ocrx_word' id='word_1_180' title='bbox 1027 2163 1083 2169; x_wconf 91' lang='lat'>—-</span> 
     </span>
     <span class='ocr_line' id='line_1_25' title="bbox 257 2194 1079 2246; baseline -0.001 -12"><span class='ocrx_word' id='word_1_181' title='bbox 257 2197 394 2234; x_wconf 88' lang='lat' dir='ltr'>hem:</span> <span class='ocrx_word' id='word_1_182' title='bbox 426 2194 479 2233; x_wconf 85' lang='lat' dir='ltr'>cf.</span> <span class='ocrx_word' id='word_1_183' title='bbox 505 2195 610 2233; x_wconf 89' lang='lat' dir='ltr'>Intr.</span> <span class='ocrx_word' id='word_1_184' title='bbox 632 2195 1079 2246; x_wconf 84' lang='lat' dir='ltr'>92.—h0munculi:</span> 
     </span>
     <span class='ocr_line' id='line_1_26' title="bbox 259 2250 1080 2301; baseline -0.002 -11"><span class='ocrx_word' id='word_1_185' title='bbox 259 2251 331 2290; x_wconf 89' lang='lat' dir='ltr'>the</span> <span class='ocrx_word' id='word_1_186' title='bbox 345 2250 596 2289; x_wconf 87' lang='lat' dir='ltr'>diminutive</span> <span class='ocrx_word' id='word_1_187' title='bbox 610 2263 831 2301; x_wconf 87' lang='lat' dir='ltr'>expresses</span> <span class='ocrx_word' id='word_1_188' title='bbox 846 2257 1080 2301; x_wconf 89' lang='lat' dir='ltr'>contempt.</span> 
     </span>
     <span class='ocr_line' id='line_1_27' title="bbox 257 2305 1080 2345; baseline 0 0"><span class='ocrx_word' id='word_1_189' title='bbox 257 2318 416 2345; x_wconf 85' lang='lat' dir='ltr'>—nos</span> <span class='ocrx_word' id='word_1_190' title='bbox 451 2305 729 2345; x_wconf 87' lang='lat' dir='ltr'>homunculi</span> <span class='ocrx_word' id='word_1_191' title='bbox 762 2335 772 2344; x_wconf 88' lang='lat'>.</span> <span class='ocrx_word' id='word_1_192' title='bbox 807 2335 816 2344; x_wconf 90' lang='lat'>.</span> <span class='ocrx_word' id='word_1_193' title='bbox 850 2335 860 2344; x_wconf 86' lang='lat'>.</span> <span class='ocrx_word' id='word_1_194' title='bbox 892 2307 1080 2345; x_wconf 88' lang='lat' dir='ltr'>iacent:</span> 
     </span>
     <span class='ocr_line' id='line_1_28' title="bbox 260 2361 1083 2412; baseline 0 -12"><span class='ocrx_word' id='word_1_195' title='bbox 260 2361 422 2400; x_wconf 83' lang='lat' dir='ltr'>Bockel</span> <span class='ocrx_word' id='word_1_196' title='bbox 454 2368 609 2412; x_wconf 88' lang='lat' dir='ltr'>quotes</span> <span class='ocrx_word' id='word_1_197' title='bbox 638 2361 753 2399; x_wconf 79' lang='lat' dir='ltr'>from</span> <span class='ocrx_word' id='word_1_198' title='bbox 786 2362 972 2400; x_wconf 88' lang='lat' dir='ltr'>Rutilius</span> <span class='ocrx_word' id='word_1_199' title='bbox 998 2362 1083 2400; x_wconf 88' lang='lat' dir='ltr'>Na-</span> 
     </span>
     <span class='ocr_line' id='line_1_29' title="bbox 259 2417 677 2468; baseline -0.005 -13"><span class='ocrx_word' id='word_1_200' title='bbox 259 2417 486 2462; x_wconf 85' lang='lat' dir='ltr'>matianus,</span> <span class='ocrx_word' id='word_1_201' title='bbox 514 2428 545 2454; x_wconf 89' lang='lat'>1.</span> <span class='ocrx_word' id='word_1_202' title='bbox 568 2428 647 2468; x_wconf 87' lang='lat'>413</span> <span class='ocrx_word' id='word_1_203' title='bbox 669 2431 677 2453; x_wconf 72' lang='grc' dir='ltr'><strong><em>ε</em></strong></span> 
     </span>
    </p>
   </div>
   <div class='ocr_carea' id='block_1_6' title="bbox 260 2500 1084 2550">
    <p class='ocr_par' dir='ltr' id='par_1_6' title="bbox 260 2500 1084 2550">
     <span class='ocr_line' id='line_1_30' title="bbox 260 2500 1084 2550; baseline 0 -13"><span class='ocrx_word' id='word_1_204' title='bbox 260 2501 360 2538; x_wconf 79' lang='lat' dir='ltr'>Non</span> <span class='ocrx_word' id='word_1_205' title='bbox 386 2500 662 2550; x_wconf 58' lang='lat' dir='ltr'>indignemur</span> <span class='ocrx_word' id='word_1_206' title='bbox 681 2500 879 2537; x_wconf 80' lang='lat' dir='ltr'>mortalia</span> <span class='ocrx_word' id='word_1_207' title='bbox 911 2506 1084 2550; x_wconf 80' lang='lat' dir='ltr'>corpora</span> 
     </span>
    </p>
   </div>
   <div class='ocr_carea' id='block_1_7' title="bbox 260 2556 1086 2797">
    <p class='ocr_par' dir='ltr' id='par_1_7' title="bbox 369 2556 505 2593">
     <span class='ocr_line' id='line_1_31' title="bbox 369 2556 505 2593; baseline 0 -1"><span class='ocrx_word' id='word_1_208' title='bbox 369 2556 505 2593; x_wconf 81' lang='lat' dir='ltr'>solvi:</span> 
     </span>
    </p>

    <p class='ocr_par' dir='ltr' id='par_1_8' title="bbox 265 2610 1086 2704">
     <span class='ocr_line' id='line_1_32' title="bbox 265 2610 1086 2661; baseline 0 -13"><span class='ocrx_word' id='word_1_209' title='bbox 265 2611 490 2649; x_wconf 72' lang='lat' dir='ltr'>Cernimus</span> <span class='ocrx_word' id='word_1_210' title='bbox 537 2610 738 2659; x_wconf 74' lang='lat' dir='ltr'>exemplis</span> <span class='ocrx_word' id='word_1_211' title='bbox 776 2610 924 2659; x_wconf 73' lang='lat' dir='ltr'>oppida</span> <span class='ocrx_word' id='word_1_212' title='bbox 964 2616 1086 2661; x_wconf 80' lang='lat' dir='ltr'>posse</span> 
     </span>
     <span class='ocr_line' id='line_1_33' title="bbox 371 2678 493 2704; baseline -0.025 0"><span class='ocrx_word' id='word_1_213' title='bbox 371 2678 493 2704; x_wconf 84' lang='lat' dir='ltr'>morz.</span> 
     </span>
    </p>

    <p class='ocr_par' dir='ltr' id='par_1_9' title="bbox 260 2746 1084 2797">
     <span class='ocr_line' id='line_1_34' title="bbox 260 2746 1084 2797; baseline -0.001 -11"><span class='ocrx_word' id='word_1_214' title='bbox 260 2747 589 2797; x_wconf 80' lang='lat' dir='ltr'>—oppidumz</span> <span class='ocrx_word' id='word_1_215' title='bbox 651 2746 723 2785; x_wconf 92' lang='lat' dir='ltr'>the</span> <span class='ocrx_word' id='word_1_216' title='bbox 764 2747 934 2786; x_wconf 87' lang='lat' dir='ltr'>shorter</span> <span class='ocrx_word' id='word_1_217' title='bbox 971 2747 1084 2785; x_wconf 85' lang='lat' dir='ltr'>form</span> 
     </span>
    </p>
   </div>
   <div class='ocr_carea' id='block_1_8' title="bbox 262 2802 1085 3130">
    <p class='ocr_par' dir='ltr' id='par_1_10' title="bbox 262 2802 1085 3130">
     <span class='ocr_line' id='line_1_35' title="bbox 262 2802 1083 2852; baseline 0.001 -12"><span class='ocrx_word' id='word_1_218' title='bbox 262 2803 308 2840; x_wconf 84' lang='lat' dir='ltr'>of</span> <span class='ocrx_word' id='word_1_219' title='bbox 328 2802 401 2841; x_wconf 87' lang='lat' dir='ltr'>the</span> <span class='ocrx_word' id='word_1_220' title='bbox 415 2802 601 2852; x_wconf 87' lang='lat' dir='ltr'>genitive</span> <span class='ocrx_word' id='word_1_221' title='bbox 617 2802 755 2852; x_wconf 86' lang='lat' dir='ltr'>plural</span> <span class='ocrx_word' id='word_1_222' title='bbox 771 2803 818 2840; x_wconf 82' lang='lat' dir='ltr'>of</span> <span class='ocrx_word' id='word_1_223' title='bbox 834 2803 905 2841; x_wconf 91' lang='lat' dir='ltr'>the</span> <span class='ocrx_word' id='word_1_224' title='bbox 922 2802 1083 2841; x_wconf 88' lang='lat' dir='ltr'>second</span> 
     </span>
     <span class='ocr_line' id='line_1_36' title="bbox 262 2857 1081 2910; baseline 0 -14"><span class='ocrx_word' id='word_1_225' title='bbox 262 2857 507 2896; x_wconf 85' lang='lat' dir='ltr'>declension</span> <span class='ocrx_word' id='word_1_226' title='bbox 528 2857 564 2896; x_wconf 89' lang='lat' dir='ltr'>is</span> <span class='ocrx_word' id='word_1_227' title='bbox 581 2857 808 2910; x_wconf 85' lang='lat' dir='ltr'>especially</span> <span class='ocrx_word' id='word_1_228' title='bbox 824 2870 1024 2896; x_wconf 90' lang='lat' dir='ltr'>common</span> <span class='ocrx_word' id='word_1_229' title='bbox 1040 2859 1081 2896; x_wconf 90' lang='lat' dir='ltr'>in</span> 
     </span>
     <span class='ocr_line' id='line_1_37' title="bbox 262 2913 1082 2964; baseline -0.001 -13"><span class='ocrx_word' id='word_1_230' title='bbox 262 2913 376 2964; x_wconf 85' lang='lat' dir='ltr'>early</span> <span class='ocrx_word' id='word_1_231' title='bbox 396 2913 751 2952; x_wconf 87' lang='lat' dir='ltr'>Latin.—visne</span> <span class='ocrx_word' id='word_1_232' title='bbox 773 2920 819 2951; x_wconf 91' lang='lat' dir='ltr'>te</span> <span class='ocrx_word' id='word_1_233' title='bbox 843 2914 1082 2952; x_wconf 89' lang='lat' dir='ltr'>cohibere:</span> 
     </span>
     <span class='ocr_line' id='line_1_38' title="bbox 262 2967 1083 3018; baseline 0 -12"><span class='ocrx_word' id='word_1_234' title='bbox 262 2968 511 3018; x_wconf 88' lang='lat' dir='ltr'>imperative</span> <span class='ocrx_word' id='word_1_235' title='bbox 534 2983 542 3015; x_wconf 89' lang='lat'><strong>;</strong></span> <span class='ocrx_word' id='word_1_236' title='bbox 589 2981 660 3007; x_wconf 91' lang='lat' dir='ltr'>see</span> <span class='ocrx_word' id='word_1_237' title='bbox 708 2969 810 3006; x_wconf 86' lang='lat' dir='ltr'>Intr.</span> <span class='ocrx_word' id='word_1_238' title='bbox 846 2968 899 3017; x_wconf 84' lang='lat'>84</span> <span class='ocrx_word' id='word_1_239' title='bbox 934 2970 966 3013; x_wconf 87' lang='lat' dir='ltr'>b,</span> <span class='ocrx_word' id='word_1_240' title='bbox 999 2967 1083 3006; x_wconf 91' lang='lat' dir='ltr'>and</span> 
     </span>
     <span class='ocr_line' id='line_1_39' title="bbox 262 3023 1085 3062; baseline 0.001 -1"><span class='ocrx_word' id='word_1_241' title='bbox 262 3023 315 3061; x_wconf 84' lang='lat' dir='ltr'>cf.</span> <span class='ocrx_word' id='word_1_242' title='bbox 342 3024 509 3061; x_wconf 85' lang='lat' dir='ltr'>Petron.</span> <span class='ocrx_word' id='word_1_243' title='bbox 537 3034 606 3060; x_wconf 90' lang='lat'>111</span> <span class='ocrx_word' id='word_1_244' title='bbox 634 3025 698 3061; x_wconf 85' lang='lat' dir='ltr'>vis</span> <span class='ocrx_word' id='word_1_245' title='bbox 728 3029 773 3061; x_wconf 84' lang='lat' dir='ltr'>tu</span> <span class='ocrx_word' id='word_1_246' title='bbox 804 3026 1046 3062; x_wconf 76' lang='lat' dir='ltr'>reviviscere</span> <span class='ocrx_word' id='word_1_247' title='bbox 1065 3024 1085 3062; x_wconf 77' lang='lat'>.?</span> 
     </span>
     <span class='ocr_line' id='line_1_40' title="bbox 262 3079 1081 3130; baseline 0.002 -15"><span class='ocrx_word' id='word_1_248' title='bbox 262 3080 327 3116; x_wconf 83' lang='lat' dir='ltr'>vis</span> <span class='ocrx_word' id='word_1_249' title='bbox 347 3079 530 3116; x_wconf 82' lang='lat' dir='ltr'>discusso</span> <span class='ocrx_word' id='word_1_250' title='bbox 555 3079 751 3116; x_wconf 75' lang='lat' dir='ltr'>muliebri</span> <span class='ocrx_word' id='word_1_251' title='bbox 778 3092 931 3124; x_wconf 83' lang='lat' dir='ltr'>errore,</span> <span class='ocrx_word' id='word_1_252' title='bbox 953 3092 1081 3130; x_wconf 75' lang='lat' dir='ltr'>quam</span> 
     </span>
    </p>
   </div>
   <div class='ocr_carea' id='block_1_9' title="bbox 1169 1807 1996 3129">
    <p class='ocr_par' dir='ltr' id='par_1_11' title="bbox 1169 1807 1996 3129">
     <span class='ocr_line' id='line_1_41' title="bbox 1170 1807 1996 1860; baseline 0 -14"><span class='ocrx_word' id='word_1_253' title='bbox 1170 1809 1245 1846; x_wconf 83' lang='lat' dir='ltr'>diu</span> <span class='ocrx_word' id='word_1_254' title='bbox 1276 1809 1457 1854; x_wconf 81' lang='lat' dir='ltr'>licuerit,</span> <span class='ocrx_word' id='word_1_255' title='bbox 1479 1809 1587 1847; x_wconf 83' lang='lat' dir='ltr'>lucis</span> <span class='ocrx_word' id='word_1_256' title='bbox 1615 1808 1838 1846; x_wconf 80' lang='lat' dir='ltr'>commodis</span> <span class='ocrx_word' id='word_1_257' title='bbox 1860 1807 1996 1860; x_wconf 82' lang='lat' dir='ltr'>frui?</span> 
     </span>
     <span class='ocr_line' id='line_1_42' title="bbox 1169 1863 1994 1914; baseline -0.001 -12"><span class='ocrx_word' id='word_1_258' title='bbox 1169 1863 1282 1902; x_wconf 83' lang='lat' dir='ltr'>——si</span> <span class='ocrx_word' id='word_1_259' title='bbox 1322 1863 1408 1903; x_wconf 91' lang='lat' dir='ltr'>tibi</span> <span class='ocrx_word' id='word_1_260' title='bbox 1447 1863 1654 1903; x_wconf 85' lang='lat' dir='ltr'>videtur:</span> <span class='ocrx_word' id='word_1_261' title='bbox 1699 1875 1726 1901; x_wconf 88' lang='lat' dir='ltr'>a</span> <span class='ocrx_word' id='word_1_262' title='bbox 1763 1863 1994 1914; x_wconf 87' lang='lat' dir='ltr'>colloquial</span> 
     </span>
     <span class='ocr_line' id='line_1_43' title="bbox 1171 1918 1994 1970; baseline -0.001 -12"><span class='ocrx_word' id='word_1_263' title='bbox 1171 1919 1431 1970; x_wconf 89' lang='lat' dir='ltr'>expression,</span> <span class='ocrx_word' id='word_1_264' title='bbox 1460 1919 1582 1957; x_wconf 86' lang='lat' dir='ltr'>while</span> <span class='ocrx_word' id='word_1_265' title='bbox 1603 1920 1642 1956; x_wconf 86' lang='lat' dir='ltr'>si</span> <span class='ocrx_word' id='word_1_266' title='bbox 1658 1919 1828 1958; x_wconf 85' lang='lat' dir='ltr'>videtur</span> <span class='ocrx_word' id='word_1_267' title='bbox 1855 1918 1890 1957; x_wconf 90' lang='lat' dir='ltr'>is</span> <span class='ocrx_word' id='word_1_268' title='bbox 1920 1918 1994 1957; x_wconf 90' lang='lat' dir='ltr'>the</span> 
     </span>
     <span class='ocr_line' id='line_1_44' title="bbox 1171 1973 1991 2025; baseline -0.001 -13"><span class='ocrx_word' id='word_1_269' title='bbox 1171 1987 1289 2013; x_wconf 90' lang='lat' dir='ltr'>more</span> <span class='ocrx_word' id='word_1_270' title='bbox 1321 1974 1478 2012; x_wconf 85' lang='lat' dir='ltr'>formal</span> <span class='ocrx_word' id='word_1_271' title='bbox 1509 1974 1593 2013; x_wconf 90' lang='lat' dir='ltr'>and</span> <span class='ocrx_word' id='word_1_272' title='bbox 1624 1974 1794 2024; x_wconf 88' lang='lat' dir='ltr'>elegant</span> <span class='ocrx_word' id='word_1_273' title='bbox 1823 1973 1991 2025; x_wconf 84' lang='lat' dir='ltr'>phrase.</span> 
     </span>
     <span class='ocr_line' id='line_1_45' title="bbox 1171 2029 1993 2069; baseline -0.001 -1"><span class='ocrx_word' id='word_1_274' title='bbox 1171 2030 1266 2068; x_wconf 90' lang='lat' dir='ltr'>The</span> <span class='ocrx_word' id='word_1_275' title='bbox 1286 2030 1449 2069; x_wconf 85' lang='lat' dir='ltr'>former</span> <span class='ocrx_word' id='word_1_276' title='bbox 1477 2030 1512 2069; x_wconf 88' lang='lat' dir='ltr'>is</span> <span class='ocrx_word' id='word_1_277' title='bbox 1545 2029 1759 2069; x_wconf 82' lang='lat' dir='ltr'>therefore</span> <span class='ocrx_word' id='word_1_278' title='bbox 1787 2029 1860 2068; x_wconf 90' lang='lat' dir='ltr'>the</span> <span class='ocrx_word' id='word_1_279' title='bbox 1880 2041 1993 2068; x_wconf 92' lang='lat' dir='ltr'>com-</span> 
     </span>
     <span class='ocr_line' id='line_1_46' title="bbox 1170 2084 1990 2136; baseline -0.001 -13"><span class='ocrx_word' id='word_1_280' title='bbox 1170 2098 1272 2123; x_wconf 91' lang='lat' dir='ltr'>mon</span> <span class='ocrx_word' id='word_1_281' title='bbox 1313 2085 1562 2136; x_wconf 85' lang='lat' dir='ltr'>expression</span> <span class='ocrx_word' id='word_1_282' title='bbox 1609 2085 1652 2123; x_wconf 90' lang='lat' dir='ltr'>in</span> <span class='ocrx_word' id='word_1_283' title='bbox 1698 2084 1771 2123; x_wconf 93' lang='lat' dir='ltr'>the</span> <span class='ocrx_word' id='word_1_284' title='bbox 1808 2086 1990 2123; x_wconf 89' lang='lat' dir='ltr'>Letters.</span> 
     </span>
     <span class='ocr_line' id='line_1_47' title="bbox 1172 2140 1995 2179; baseline -0.004 0"><span class='ocrx_word' id='word_1_285' title='bbox 1172 2141 1323 2179; x_wconf 91' lang='lat' dir='ltr'>Cicero</span> <span class='ocrx_word' id='word_1_286' title='bbox 1373 2140 1545 2179; x_wconf 81' lang='lat' dir='ltr'>himself</span> <span class='ocrx_word' id='word_1_287' title='bbox 1595 2153 1692 2178; x_wconf 88' lang='lat' dir='ltr'>uses</span> <span class='ocrx_word' id='word_1_288' title='bbox 1741 2141 1779 2177; x_wconf 84' lang='lat' dir='ltr'>si</span> <span class='ocrx_word' id='word_1_289' title='bbox 1825 2141 1995 2179; x_wconf 83' lang='lat' dir='ltr'>videtur</span> 
     </span>
     <span class='ocr_line' id='line_1_48' title="bbox 1169 2195 1991 2240; baseline -0.002 -6"><span class='ocrx_word' id='word_1_290' title='bbox 1169 2196 1212 2234; x_wconf 92' lang='lat' dir='ltr'>in</span> <span class='ocrx_word' id='word_1_291' title='bbox 1258 2196 1330 2234; x_wconf 91' lang='lat' dir='ltr'>the</span> <span class='ocrx_word' id='word_1_292' title='bbox 1377 2197 1544 2235; x_wconf 89' lang='lat' dir='ltr'>Letters</span> <span class='ocrx_word' id='word_1_293' title='bbox 1587 2195 1666 2234; x_wconf 89' lang='lat' dir='ltr'>but</span> <span class='ocrx_word' id='word_1_294' title='bbox 1706 2207 1826 2240; x_wconf 84' lang='lat' dir='ltr'>once,</span> <span class='ocrx_word' id='word_1_295' title='bbox 1868 2195 1991 2233; x_wconf 88' lang='lat' dir='ltr'>while</span> 
     </span>
     <span class='ocr_line' id='line_1_49' title="bbox 1169 2249 1991 2289; baseline 0 -1"><span class='ocrx_word' id='word_1_296' title='bbox 1169 2253 1208 2289; x_wconf 83' lang='lat' dir='ltr'>si</span> <span class='ocrx_word' id='word_1_297' title='bbox 1247 2252 1324 2289; x_wconf 80' lang='lat' dir='ltr'>tibi</span> <span class='ocrx_word' id='word_1_298' title='bbox 1366 2252 1534 2289; x_wconf 84' lang='lat' dir='ltr'>videtur</span> <span class='ocrx_word' id='word_1_299' title='bbox 1581 2263 1729 2289; x_wconf 89' lang='lat' dir='ltr'>occurs</span> <span class='ocrx_word' id='word_1_300' title='bbox 1779 2249 1825 2289; x_wconf 88' lang='lat'>18</span> <span class='ocrx_word' id='word_1_301' title='bbox 1868 2250 1991 2289; x_wconf 87' lang='lat' dir='ltr'>times</span> 
     </span>
     <span class='ocr_line' id='line_1_50' title="bbox 1171 2305 1994 2351; baseline -0.002 -7"><span class='ocrx_word' id='word_1_302' title='bbox 1171 2319 1220 2344; x_wconf 93' lang='lat' dir='ltr'>or</span> <span class='ocrx_word' id='word_1_303' title='bbox 1249 2319 1380 2345; x_wconf 88' lang='lat' dir='ltr'>more.</span> <span class='ocrx_word' id='word_1_304' title='bbox 1442 2306 1509 2345; x_wconf 87' lang='lat' dir='ltr'>Cf.</span> <span class='ocrx_word' id='word_1_305' title='bbox 1532 2307 1620 2344; x_wconf 81' lang='lat' dir='ltr'>Att.</span> <span class='ocrx_word' id='word_1_306' title='bbox 1651 2305 1689 2345; x_wconf 86' lang='lat'>8.</span> <span class='ocrx_word' id='word_1_307' title='bbox 1721 2305 1759 2344; x_wconf 86' lang='lat'>6.</span> <span class='ocrx_word' id='word_1_308' title='bbox 1788 2316 1824 2351; x_wconf 84' lang='lat'>2,</span> <span class='ocrx_word' id='word_1_309' title='bbox 1847 2311 1994 2343; x_wconf 85' lang='lat' dir='ltr'>etc.—</span> 
     </span>
     <span class='ocr_line' id='line_1_51' title="bbox 1172 2360 1994 2401; baseline -0.004 -1"><span class='ocrx_word' id='word_1_310' title='bbox 1172 2368 1282 2400; x_wconf 89' lang='lat' dir='ltr'>ante</span> <span class='ocrx_word' id='word_1_311' title='bbox 1314 2362 1478 2401; x_wconf 88' lang='lat' dir='ltr'>oculos</span> <span class='ocrx_word' id='word_1_312' title='bbox 1519 2361 1632 2400; x_wconf 88' lang='lat' dir='ltr'>tibi:</span> <span class='ocrx_word' id='word_1_313' title='bbox 1674 2360 1727 2399; x_wconf 88' lang='lat' dir='ltr'>cf.</span> <span class='ocrx_word' id='word_1_314' title='bbox 1759 2361 1869 2399; x_wconf 76' lang='lat' dir='ltr'>mihi</span> <span class='ocrx_word' id='word_1_315' title='bbox 1898 2365 1994 2398; x_wconf 84' lang='lat' dir='ltr'>ante</span> 
     </span>
     <span class='ocr_line' id='line_1_52' title="bbox 1172 2415 1991 2468; baseline -0.004 -12"><span class='ocrx_word' id='word_1_316' title='bbox 1172 2419 1318 2461; x_wconf 76' lang='lat' dir='ltr'>oculos,</span> <span class='ocrx_word' id='word_1_317' title='bbox 1352 2417 1429 2467; x_wconf 90' lang='lat' dir='ltr'>Ep.</span> <span class='ocrx_word' id='word_1_318' title='bbox 1463 2417 1594 2455; x_wconf 92' lang='lat' dir='ltr'>XIII.</span> <span class='ocrx_word' id='word_1_319' title='bbox 1627 2427 1650 2468; x_wconf 87' lang='lat'>3</span> <span class='ocrx_word' id='word_1_320' title='bbox 1681 2421 1874 2454; x_wconf 82' lang='lat' dir='ltr'>n.--tot</span> <span class='ocrx_word' id='word_1_321' title='bbox 1905 2415 1991 2453; x_wconf 89' lang='lat' dir='ltr'>viri</span> 
     </span>
     <span class='ocr_line' id='line_1_53' title="bbox 1173 2471 1991 2522; baseline -0.004 -12"><span class='ocrx_word' id='word_1_322' title='bbox 1173 2472 1455 2512; x_wconf 86' lang='lat' dir='ltr'>clarissimi:</span> <span class='ocrx_word' id='word_1_323' title='bbox 1491 2471 1544 2511; x_wconf 91' lang='lat' dir='ltr'>cf.</span> <span class='ocrx_word' id='word_1_324' title='bbox 1578 2472 1657 2522; x_wconf 89' lang='lat' dir='ltr'>Ep.</span> <span class='ocrx_word' id='word_1_325' title='bbox 1690 2471 1834 2509; x_wconf 93' lang='lat' dir='ltr'>LXII.</span> <span class='ocrx_word' id='word_1_326' title='bbox 1869 2482 1889 2508; x_wconf 87' lang='lat'><strong>2</strong></span> <span class='ocrx_word' id='word_1_327' title='bbox 1922 2483 1991 2508; x_wconf 90' lang='lat' dir='ltr'>nn.</span> 
     </span>
     <span class='ocr_line' id='line_1_54' title="bbox 1171 2524 1991 2577; baseline -0.004 -11"><span class='ocrx_word' id='word_1_328' title='bbox 1171 2551 1226 2556; x_wconf 88' lang='lat'>—-</span> <span class='ocrx_word' id='word_1_329' title='bbox 1251 2527 1541 2566; x_wconf 87' lang='lat' dir='ltr'>deminutio:</span> <span class='ocrx_word' id='word_1_330' title='bbox 1583 2527 1655 2566; x_wconf 90' lang='lat' dir='ltr'>the</span> <span class='ocrx_word' id='word_1_331' title='bbox 1694 2526 1883 2577; x_wconf 89' lang='lat' dir='ltr'>struggle</span> <span class='ocrx_word' id='word_1_332' title='bbox 1923 2524 1991 2564; x_wconf 89' lang='lat' dir='ltr'>be-</span> 
     </span>
     <span class='ocr_line' id='line_1_55' title="bbox 1173 2579 1992 2633; baseline -0.004 -12"><span class='ocrx_word' id='word_1_333' title='bbox 1173 2588 1309 2621; x_wconf 87' lang='lat' dir='ltr'>tween</span> <span class='ocrx_word' id='word_1_334' title='bbox 1350 2583 1511 2621; x_wconf 87' lang='lat' dir='ltr'>Caesar</span> <span class='ocrx_word' id='word_1_335' title='bbox 1550 2581 1636 2620; x_wconf 88' lang='lat' dir='ltr'>and</span> <span class='ocrx_word' id='word_1_336' title='bbox 1679 2582 1868 2633; x_wconf 90' lang='lat' dir='ltr'>Pompey</span> <span class='ocrx_word' id='word_1_337' title='bbox 1907 2579 1992 2618; x_wconf 87' lang='lat' dir='ltr'>had</span> 
     </span>
     <span class='ocr_line' id='line_1_56' title="bbox 1171 2636 1990 2690; baseline -0.002 -14"><span class='ocrx_word' id='word_1_338' title='bbox 1171 2637 1368 2676; x_wconf 86' lang='lat' dir='ltr'>lessened</span> <span class='ocrx_word' id='word_1_339' title='bbox 1408 2638 1481 2676; x_wconf 92' lang='lat' dir='ltr'>the</span> <span class='ocrx_word' id='word_1_340' title='bbox 1523 2637 1705 2690; x_wconf 86' lang='lat' dir='ltr'>majesty</span> <span class='ocrx_word' id='word_1_341' title='bbox 1743 2636 1790 2675; x_wconf 89' lang='lat' dir='ltr'>of</span> <span class='ocrx_word' id='word_1_342' title='bbox 1839 2637 1990 2681; x_wconf 88' lang='lat' dir='ltr'>Rome,</span> 
     </span>
     <span class='ocr_line' id='line_1_57' title="bbox 1172 2691 1994 2731; baseline -0.004 0"><span class='ocrx_word' id='word_1_343' title='bbox 1172 2692 1257 2731; x_wconf 85' lang='lat' dir='ltr'>and</span> <span class='ocrx_word' id='word_1_344' title='bbox 1288 2691 1521 2731; x_wconf 88' lang='lat' dir='ltr'>weakened</span> <span class='ocrx_word' id='word_1_345' title='bbox 1557 2693 1630 2731; x_wconf 85' lang='lat' dir='ltr'>the</span> <span class='ocrx_word' id='word_1_346' title='bbox 1660 2704 1784 2731; x_wconf 87' lang='lat' dir='ltr'>sense</span> <span class='ocrx_word' id='word_1_347' title='bbox 1816 2691 1863 2729; x_wconf 88' lang='lat' dir='ltr'>of</span> <span class='ocrx_word' id='word_1_348' title='bbox 1898 2691 1994 2729; x_wconf 91' lang='lat' dir='ltr'>alle-</span> 
     </span>
     <span class='ocr_line' id='line_1_58' title="bbox 1171 2745 1992 2798; baseline -0.001 -13"><span class='ocrx_word' id='word_1_349' title='bbox 1171 2748 1320 2798; x_wconf 86' lang='lat' dir='ltr'>giance</span> <span class='ocrx_word' id='word_1_350' title='bbox 1342 2761 1397 2786; x_wconf 94' lang='lat' dir='ltr'>on</span> <span class='ocrx_word' id='word_1_351' title='bbox 1426 2748 1498 2786; x_wconf 88' lang='lat' dir='ltr'>the</span> <span class='ocrx_word' id='word_1_352' title='bbox 1528 2754 1622 2798; x_wconf 85' lang='lat' dir='ltr'>part</span> <span class='ocrx_word' id='word_1_353' title='bbox 1653 2747 1700 2785; x_wconf 84' lang='lat' dir='ltr'>of</span> <span class='ocrx_word' id='word_1_354' title='bbox 1728 2746 1904 2797; x_wconf 87' lang='lat' dir='ltr'>peoples</span> <span class='ocrx_word' id='word_1_355' title='bbox 1926 2745 1992 2784; x_wconf 88' lang='lat' dir='ltr'>de-</span> 
     </span>
     <span class='ocr_line' id='line_1_59' title="bbox 1170 2801 1987 2854; baseline -0.002 -13"><span class='ocrx_word' id='word_1_356' title='bbox 1170 2803 1359 2854; x_wconf 88' lang='lat' dir='ltr'>pendent</span> <span class='ocrx_word' id='word_1_357' title='bbox 1395 2816 1451 2842; x_wconf 93' lang='lat' dir='ltr'>on</span> <span class='ocrx_word' id='word_1_358' title='bbox 1487 2801 1987 2847; x_wconf 67' lang='lat' dir='ltr'>hen—mulierculae,</span> 
     </span>
     <span class='ocr_line' id='line_1_60' title="bbox 1171 2858 1990 2907; baseline -0.005 -10"><span class='ocrx_word' id='word_1_359' title='bbox 1171 2858 1382 2897; x_wconf 84' lang='lat' dir='ltr'>animula</span> <span class='ocrx_word' id='word_1_360' title='bbox 1402 2873 1410 2897; x_wconf 91' lang='lat'>:</span> <span class='ocrx_word' id='word_1_361' title='bbox 1442 2858 1514 2897; x_wconf 88' lang='lat' dir='ltr'>the</span> <span class='ocrx_word' id='word_1_362' title='bbox 1531 2858 1804 2896; x_wconf 88' lang='lat' dir='ltr'>diminutives</span> <span class='ocrx_word' id='word_1_363' title='bbox 1825 2868 1990 2907; x_wconf 89' lang='lat' dir='ltr'>convey</span> 
     </span>
     <span class='ocr_line' id='line_1_61' title="bbox 1170 2911 1993 2965; baseline -0.005 -13"><span class='ocrx_word' id='word_1_364' title='bbox 1170 2926 1224 2952; x_wconf 87' lang='lat' dir='ltr'>an</span> <span class='ocrx_word' id='word_1_365' title='bbox 1239 2913 1335 2952; x_wconf 88' lang='lat' dir='ltr'>idea</span> <span class='ocrx_word' id='word_1_366' title='bbox 1350 2913 1397 2952; x_wconf 85' lang='lat' dir='ltr'>of</span> <span class='ocrx_word' id='word_1_367' title='bbox 1415 2914 1505 2965; x_wconf 87' lang='lat' dir='ltr'>pity</span> <span class='ocrx_word' id='word_1_368' title='bbox 1519 2913 1603 2951; x_wconf 90' lang='lat' dir='ltr'>and</span> <span class='ocrx_word' id='word_1_369' title='bbox 1620 2911 1923 2963; x_wconf 88' lang='lat' dir='ltr'>depreciation.</span> <span class='ocrx_word' id='word_1_370' title='bbox 1937 2933 1993 2938; x_wconf 88' lang='lat'>—-</span> 
     </span>
     <span class='ocr_line' id='line_1_62' title="bbox 1171 2969 1993 3015; baseline -0.007 -7"><span class='ocrx_word' id='word_1_371' title='bbox 1171 2969 1490 3015; x_wconf 87' lang='lat' dir='ltr'>mulierculae,</span> <span class='ocrx_word' id='word_1_372' title='bbox 1511 2983 1537 3007; x_wconf 84' lang='lat' dir='ltr'><em>a</em></span> <span class='ocrx_word' id='word_1_373' title='bbox 1558 2969 1727 3006; x_wconf 80' lang='lat' dir='ltr'>delicate</span> <span class='ocrx_word' id='word_1_374' title='bbox 1745 2979 1924 3005; x_wconf 79' lang='lat' dir='ltr'>woman.</span> <span class='ocrx_word' id='word_1_375' title='bbox 1939 2988 1993 2993; x_wconf 94' lang='grc'>--</span> 
     </span>
     <span class='ocr_line' id='line_1_63' title="bbox 1171 3020 1990 3074; baseline -0.006 -11"><span class='ocrx_word' id='word_1_376' title='bbox 1171 3026 1262 3063; x_wconf 91' lang='lat' dir='ltr'>hoc</span> <span class='ocrx_word' id='word_1_377' title='bbox 1284 3031 1498 3074; x_wconf 89' lang='lat' dir='ltr'>tempore</span> <span class='ocrx_word' id='word_1_378' title='bbox 1516 3037 1524 3060; x_wconf 77' lang='lat' dir='ltr'><em>z</em></span> <span class='ocrx_word' id='word_1_379' title='bbox 1556 3023 1625 3061; x_wconf 87' lang='lat' dir='ltr'>for</span> <span class='ocrx_word' id='word_1_380' title='bbox 1647 3036 1760 3060; x_wconf 86' lang='lat' dir='ltr'>nunc</span> <span class='ocrx_word' id='word_1_381' title='bbox 1772 3035 1790 3068; x_wconf 92' lang='lat'><em>;</em></span> <span class='ocrx_word' id='word_1_382' title='bbox 1822 3020 1876 3060; x_wconf 82' lang='lat' dir='ltr'>cf.</span> <span class='ocrx_word' id='word_1_383' title='bbox 1898 3033 1990 3071; x_wconf 83' lang='lat' dir='ltr'>quo-</span> 
     </span>
     <span class='ocr_line' id='line_1_64' title="bbox 1171 3077 1654 3129; baseline -0.002 -12"><span class='ocrx_word' id='word_1_384' title='bbox 1171 3081 1268 3117; x_wconf 75' lang='lat' dir='ltr'>dam</span> <span class='ocrx_word' id='word_1_385' title='bbox 1292 3086 1482 3129; x_wconf 70' lang='lat' dir='ltr'>tempore,</span> <span class='ocrx_word' id='word_1_386' title='bbox 1505 3077 1654 3117; x_wconf 85' lang='lat' dir='ltr'>above.</span> 
     </span>
    </p>
   </div>
  </div>
 </body>
</html>
