2067 3332
158 699 179 725 Ν

213 177 294 217 220
742 176 1018 216 CICERO'S
1061 177 1367 221 LETTERS„
1619 177 1718 230 [Ep.
1743 179 1950 220 LXXIV.

213 326 421 384 putem,
455 317 551 368 sed
581 325 767 368 tamen
798 316 1045 367 hilaritas
1082 315 1172 367 illa
1210 323 1400 367 nostra
1441 324 1496 367 et
1540 317 1782 369 suavitas
1811 335 1951 386 quae

212 415 268 458 te
310 415 531 474 praeter
574 414 790 458 ceteros
834 405 1148 469 delectabat
1193 413 1383 472 erepta
1424 405 1560 457 mihi
1601 407 1780 458 omnis
1825 416 1950 472 est;

212 497 531 548 firmitatem
582 505 768 547 tamen
824 504 878 546 et
935 496 1326 557 constantiam,
1380 496 1426 547 si
1482 497 1644 547 modo
1698 496 1806 548 fuit
1861 498 1951 549 ali-

212 587 430 653 quando
479 586 535 637 in
584 586 761 647 nobiS‚
808 586 1040 637 eandem
1086 602 1390 653 cognosces
1440 603 1603 653 quam
1659 586 1946 654 reliquisti.

215 676 381 743 Quod
411 675 605 727 scribis
641 676 847 742 proelia
888 684 945 726 te
987 693 1110 726 mea
1151 693 1316 727 causa
1359 676 1650 741 sustinere,
1683 693 1794 729 non
1836 684 1949 729 tam

213 765 265 816 id
307 766 495 817 laboro
539 773 615 827 ut,
661 765 708 816 si
750 765 843 832 qui
893 766 1028 816 mihi
1069 766 1403 827 obtrectent,
1445 783 1477 817 a
1518 773 1575 817 te
1615 765 1947 829 refutentur,

211 873 374 923 quam
414 855 666 922 intellegi
709 855 885 921 cupiO,
919 856 1066 922 quod
1109 863 1259 906 certe
1302 855 1661 923 intellegitur,
1694 873 1782 907 me
1823 874 1855 908 a
1895 865 1951 909 te

210 946 395 998 amari.
501 946 664 1012 Quod
719 953 779 996 ut
835 945 1004 996 facias
1060 954 1116 995 te
1172 945 1338 996 etiam
1388 953 1555 1013 atque
1600 946 1766 997 etiarn
1816 964 1949 1014 rogo

210 1036 579 1103 ignoscasque
607 1035 869 1086 brevitati
897 1035 1206 1085 litterarum
1232 1052 1504 1098 mearum;
1534 1053 1660 1086 nam
1684 1028 1739 1087 et
1763 1036 1950 1089 celeri-

210 1134 293 1176 ter
324 1143 433 1176 una
459 1125 680 1176 futuros
710 1142 811 1176 nos
841 1125 1078 1176 arbitror
1107 1132 1162 1174 et
1193 1126 1439 1175 nondum
1483 1125 1616 1177 satis
1660 1143 1782 1177 sum
1825 1143 1950 1178 con-

210 1216 460 1266 firmatus
489 1215 557 1266 ad
587 1215 957 1266 scribendum.

712 1425 984 1477 LXXIV.
1048 1426 1185 1494 (Att.
1226 1440 1307 1477 12.
1342 1427 1452 1494 32.)

739 1569 968 1609 CICERO
1011 1570 1242 1609 ATTICO
1285 1570 1410 1609 SAL.

287 1681 443 1733 Haec
472 1683 538 1733 ad
568 1689 625 1732 te
653 1698 776 1733 mea
804 1699 985 1734 manu,
1059 1681 1218 1743 Vide,
1252 1698 1474 1749 quaeSO,
1507 1681 1638 1749 quid
1667 1683 1942 1749 agendum

209 1772 295 1823 sit.
383 1772 615 1823 Publilia
655 1773 723 1822 ad
765 1788 854 1822 me
900 1772 1122 1838 scripsit
1164 1780 1398 1822 matrem
1442 1780 1769 1823 suam—ut
1819 1789 1942 1824 cum

210 1861 444 1912 Publilio
472 1862 903 1928 loquerer—ad
932 1878 1021 1912 me
1050 1878 1175 1912 cum
1206 1861 1298 1912 illo
1322 1869 1614 1912 venturam
1644 1869 1700 1913 et
1729 1878 1789 1913 se
1818 1879 1941 1923 una,

209 1951 253 2002 si
295 1968 398 2018 ego
440 1959 674 2017 paterer.
759 1951 896 2002 Orat
940 1951 1130 2002 multis
1173 1959 1228 2002 et
1272 1951 1614 2018 supplicibus
1655 1951 1840 2003 verbis
1884 1961 1942 2002 ut

207 2041 369 2092 liceat
419 2049 474 2091 et
523 2050 583 2092 ut
635 2041 740 2092 sibi
790 2041 1105 2092 rescribam.
1211 2042 1326 2092 Res
1376 2058 1539 2108 quam
1589 2041 1823 2093 molesta
1871 2042 1943 2092 sit

205 2131 377 2182 vides,
463 2131 747 2197 Rescripsi
790 2131 924 2180 mihi
973 2131 1140 2181 etiam
1189 2131 1410 2198 gravius
1454 2147 1577 2182 esse
1618 2148 1781 2199 quam
1823 2139 1942 2182 tum

1116 2276 1200 2313 qua
1221 2262 1334 2300 hanc
1354 2263 1571 2301 tristitiam
1595 2268 1828 2312 temporum
1851 2275 1942 2301 con-

208 2263 331 2300 nibus
368 2263 460 2300 telis
485 2262 696 2313 fortunae
725 2263 938 2312 proposita
978 2263 1035 2300 sit

1118 2318 1331 2355 diebamus
1351 2319 1398 2355 in
1413 2323 1662 2367 perpetuum
1684 2319 1822 2356 amisi.

206 2323 292 2355 vita
324 2323 479 2355 nostra.
540 2317 607 2355 Cf.
637 2318 728 2356 also
760 2319 880 2355 Fam.
906 2328 939 2369 5.
968 2329 1028 2366 17.

209 2384 231 2423 3
252 2378 289 2409 te
317 2378 365 2410 ut
391 2373 590 2411 hortarer
618 2386 889 2423 rogarentque
918 2378 966 2410 ut
993 2378 1033 2410 et

206 2428 415 2465 hominem
450 2433 487 2466 te
519 2433 560 2465 et
585 2428 728 2465 virum
768 2441 851 2466 esse
890 2429 1029 2465 memi-

209 2484 350 2527 nisses,
373 2484 421 2520 id
446 2488 515 2528 est,
537 2488 586 2520 ut
612 2488 651 2520 et
678 2496 939 2521 communem
969 2484 1029 2520 in-

207 2543 445 2588 certumque
473 2551 627 2583 casum,
657 2551 776 2588 quem
811 2551 942 2589 neque
970 2540 1029 2575 vi-

207 2598 299 2631 tare
327 2594 547 2643 quisquam
586 2598 775 2631 nostrum
811 2607 882 2631 nec
907 2600 1029 2643 prae-

206 2654 318 2685 stare
357 2649 444 2685 ullo
473 2654 595 2696 pacto
634 2654 779 2697 potest,
819 2650 1029 2698 sapienter

194 2703 339 2753 ferres
357 2708 397 2740 et
412 2703 549 2740 dolori
561 2704 738 2753 fortiter
756 2717 804 2741 ac
821 2705 1029 2755 fortunae

207 2759 426 2796 resisteres.
441 2758 722 2796 —hilaritas
745 2758 823 2796 illa
844 2765 1025 2797 nostra:

208 2812 278 2850 the
299 2813 440 2865 gaiety
457 2813 592 2851 which
613 2813 764 2851 Cicero
786 2813 962 2852 showed
985 2814 1025 2850 in

206 2868 271 2905 his
302 2869 447 2906 letters
479 2876 523 2906 to
555 2868 714 2906 Fadius
743 2869 893 2907 Gallus
927 2869 1024 2918 (Ep.

208 2923 316 2973 IV),
350 2930 394 2961 to
431 2923 658 2962 Trebatius
697 2924 793 2974 (Ep.
827 2924 1026 2962 XXIV.—

208 2979 388 3020 XXVI..
423 2979 675 3029 XXVIII.)‚
703 2992 751 3015 or
787 2986 831 3016 to
870 2981 1024 3017 Paetus

209 3033 651 3082 (Ep.1.X1.-1.X1V.‚
673 3034 892 3082 LXVII).
955 3033 1022 3071 Cf.

204 3087 295 3124 also
313 3088 350 3124 A
356 3094 396 3124 tt.
422 3099 480 3124 12.
499 3100 562 3135 40.
583 3099 605 3139 3
623 3089 880 3126 hilaritatem
900 3090 1020 3126 illam

1175 2384 1210 2410 2.
1242 2372 1421 2424 proelia
1443 2379 1489 2412 te
1514 2373 1777 2412 sustinere:
1811 2372 1940 2421 Quin-

1117 2434 1199 2473 tus,
1243 2428 1432 2468 Cicero's
1482 2428 1674 2479 nephew‚
1715 2427 1811 2466 who
1854 2440 1940 2467 was

1117 2483 1218 2521 with
1242 2484 1404 2522 Caesar
1433 2483 1475 2521 in
1509 2484 1653 2534 Spain,
1675 2495 1760 2522 was
1790 2483 1939 2534 speak-

1116 2537 1189 2588 ing
1209 2538 1253 2576 ill
1274 2538 1323 2576 of
1353 2538 1418 2577 his
1441 2539 1564 2577 uncle
1586 2546 1631 2577 to
1655 2538 1827 2577 Caesar.

1163 2594 1369 2631 LXXIV.
1394 2594 1567 2640 Astura,
1585 2594 1692 2632 Mar.
1710 2593 1771 2639 28,
1788 2603 1838 2644 45
1855 2602 1935 2630 B.c.

1176 2659 1208 2686 1.
1241 2660 1348 2687 mea
1380 2660 1554 2688 manu:
1587 2648 1640 2687 cf.
1675 2649 1778 2687 Intr.
1803 2649 1938 2695 64.—

1118 2703 1344 2743 Publilia:
1367 2703 1420 2742 cf.
1442 2704 1545 2742 Intr.
1568 2714 1694 2756 52.—
1710 2703 1934 2742 Publilio:

1114 2758 1187 2797 the
1227 2758 1403 2798 brother
1442 2758 1489 2797 of
1531 2759 1945 2797 Publilia.—-tum:‘

1116 2813 1297 2852 Publilia
1323 2826 1462 2853 seems
1493 2821 1538 2852 to
1569 2814 1678 2852 have
1708 2813 1784 2852 felt
1815 2825 1935 2851 some

1112 2868 1307 2921 jealousy
1347 2869 1394 2907 of
1440 2869 1513 2908 the
1552 2868 1758 2907 devotion
1798 2867 1933 2906 which

1114 2924 1265 2962 Cicero
1307 2923 1482 2963 showed
1517 2924 1585 2962 for
1614 2924 1680 2962 his
1711 2923 1932 2973 daughter,

1111 2978 1194 3016 and
1226 2979 1298 3018 the
1327 2979 1478 3017 failure
1507 2992 1563 3016 on
1599 2978 1815 3017 Publilia's
1837 2983 1933 3027 part

1111 3040 1155 3071 to
1177 3034 1297 3072 show
1314 3046 1338 3072 a
1353 3046 1508 3084 proper
1523 3033 1682 3084 feeling
1697 3040 1741 3072 at
1756 3032 1932 3071 Tullia's

1110 3088 1238 3126 death
1260 3088 1329 3127 led
1343 3089 1430 3126 him
1446 3095 1492 3126 to
1507 3095 1702 3139 separate
1717 3088 1829 3126 from
1844 3087 1930 3125 her.
