2067 3332
576 136 877 177 CRITICAL
916 134 1253 175 APPENDlx.
1710 130 1789 172 295
1870 109 1872 112 ’

178 280 264 321 ΕΡ.
291 278 391 320 XII
423 277 552 336 (Att.
578 288 619 330 3.
651 277 730 333 12)

68 398 84 426 1
121 385 322 438 proponi
340 383 510 432 scribis
520 383 737 433 proponis.
760 381 873 420 Scri-

176 441 238 479 bis
261 441 307 478 M

67 510 90 551 3
120 497 233 537 licet
257 526 266 535 .
293 526 300 533 .
326 524 336 534 .
359 494 587 546 intellego
626 492 753 531 Koch
804 493 870 530 lic.

177 553 252 591 tibi
272 558 320 590 ut
337 551 457 589 scrib.
472 551 546 601 szgr.
565 554 613 587 ut
623 549 684 587 acl
699 562 764 587 me
779 561 871 586 ven.

176 609 215 646 si
262 608 459 646 donatam
506 611 556 644 ut
592 605 785 655 intellego
829 604 872 641 M

177 665 333 703 scilicet
350 664 436 708 tibi,
461 667 509 700 ut
535 661 694 707 scribis,
715 659 874 710 szgrmfi-

178 732 322 759 caram
361 724 410 756 ut
435 718 494 756 ad
517 730 582 755 me
602 717 766 754 venires
779 729 798 762 ;
830 715 879 753 id

177 776 423 814 omittamus
432 786 451 820 ,⁰
480 773 674 822 intellego
695 777 732 809 te
755 770 874 809 Mad-

178 831 261 882 vig.
324 830 405 869 See
437 829 761 880 Commentary.

149 971 236 1013 ΕΡ.
262 970 389 1012 XIII
420 970 584 1028 (Fam.
616 979 683 1021 14.
712 969 762 1026 2)

70 1089 92 1116 2
126 1076 439 1116 subleventur
459 1075 736 1113 sublevantur
759 1074 804 1112 M

126 1144 235 1172 mea
259 1132 388 1170 FHD
448 1144 513 1168 me
537 1131 581 1168 M

71 1201 95 1242 3
127 1195 314 1240 partem
337 1194 383 1226 te
408 1187 538 1225 FHD
590 1191 716 1236 parte
739 1186 785 1224 M

127 1245 306 1284 misera
337 1242 542 1295 proicies
574 1243 751 1280 miseras
774 1248 874 1292 pro-

181 1302 260 1338 iees
284 1300 328 1338 M

126 1357 298 1396 attinet
322 1355 425 1395 sine
448 1355 599 1393 attinet
616 1359 656 1392 et
673 1354 765 1392 sine
789 1353 833 1391 M

71 1425 96 1462 4
126 1412 354 1465 quoniam
388 1412 428 1450 D
487 1423 616 1463 quam
641 1410 688 1448 M
747 1422 879 1461 quan-

182 1469 234 1508 do
256 1469 290 1507 F
295 1468 339 1506 H

172 1609 260 1651 ΕΡ.
287 1607 407 1650 XIV
444 1606 574 1666 (Att.
600 1617 642 1661 3.
669 1606 752 1665 22)

75 1726 97 1754 2
129 1714 284 1754 adfert
308 1725 440 1764 marg.
499 1713 654 1751 asserit
672 1712 717 1751 M

131 1776 379 1822 sperasset
417 1768 690 1819 Wesenberg

186 1831 251 1865 ret
272 1827 315 1864 M

76 1895 99 1936 3
131 1882 348 1922 omnium
404 1892 622 1920 meorum
684 1879 884 1918 Stueren-

187 1938 296 1988 burg
354 1938 544 1975 omm'um
571 1948 713 1974 rerum
741 1936 786 1973 M

133 1993 523 2045 fueruntfiterant
545 1993 590 2031 M

77 2061 102 2099 4
134 2056 180 2089 et
202 2050 329 2101 quod
353 2049 448 2088 mei
469 2054 509 2086 et
526 2048 642 2100 quod
655 2052 695 2085 et
713 2047 797 2085 mei
819 2046 865 2085 M

745 1772 882 1818 spera-

210 2191 298 2233 ΕΡ.
325 2190 416 2232 XV
451 2188 580 2247 (Att.
606 2199 649 2241 4.
680 2189 727 2245 1)

84 2308 98 2335 1
137 2296 323 2348 fuitque
347 2294 424 2334 cui
447 2295 546 2346 fuit
573 2294 650 2345 qui
680 2291 744 2331 Μ1
791 2292 890 2343 fuit

191 2354 261 2391 cui
284 2350 350 2390 M2

136 2420 222 2460 pro
255 2437 265 2446 .
290 2437 300 2446 .
325 2436 335 2446 .
368 2404 676 2446 observantia
733 2403 887 2442 Bosius

183 2469 363 2514 propter
383 2474 517 2500 meam
546 2462 592 2499 in
614 2466 651 2498 te
671 2460 889 2498 observan-

192 2521 294 2558 tiam
322 2519 367 2557 M

137 2576 299 2627 potius
325 2575 367 2612 H
394 2571 640 2623 Stephanus
698 2572 824 2609 totius
842 2571 887 2608 M

137 2631 323 2670 timoris
358 2630 459 2668 Pius
519 2628 707 2666 rumoris
731 2627 775 2664 M

85 2698 106 2725 2
139 2697 404 2737 numquam
441 2682 506 2723 M2
563 2689 783 2734 tumquam
823 2680 888 2720 Μ1

194 2744 232 2780 si
271 2754 474 2792 umquam
529 2740 754 2778 Meutzner
803 2736 890 2776 and

194 2797 445 2848 commonly
467 2794 655 2846 adopted

84 2865 109 2902 4
140 2853 244 2905 ipse
287 2853 495 2892 scribam
548 2850 771 2889 Lehmann
829 2862 891 2886 m-

194 2909 371 2947 scribam
400 2908 444 2946 M

142 2964 462 3016 gratulatione
495 2991 505 3001 .
530 2991 541 3001 .
565 2991 575 3001 .

197 3021 273 3060 der
331 3017 513 3058 omitted
537 3019 581 3056 M

90 3086 110 3127 5
142 3076 305 3115 infimo
329 3075 553 3113 Lehmann
613 3073 764 3123 infima
791 3073 833 3109 M

606 2968 680 3000 est
713 2960 891 2999 Cratan-

988 273 1014 313 6
1046 273 1286 318 continuo,
1323 283 1434 312 cum
1475 283 1606 310 more
1650 271 1793 310 Baiter

1097 330 1292 369 COlle'nZlO
1309 341 1423 366 more
1442 325 1507 365 Ml
1566 340 1659 365 cum
1679 340 1793 365 more

1101 383 1166 423 M2

1044 440 1294 480 dedissent
1318 439 1464 478 Baiter
1521 439 1697 478 dedisset
1718 438 1764 477 M

1088 567 1176 610 ΕΡ.
1203 566 1320 608 XVI
1352 565 1524 624 (afr.
1547 576 1587 607 2.
1614 566 1666 623 3)

993 679 1008 706 1
1044 666 1261 719 prodicta
1313 663 1633 704 Drakenborch
1696 670 1796 714 pro-

1100 723 1223 761 ducta
1249 722 1293 759 M

1045 779 1094 818 in
1135 777 1256 818 VIII
1309 777 1424 816 Idus
1466 774 1690 815 Manutius
1749 777 1796 813 in

1111 834 1205 872 Vll
1220 834 1325 871 Idus
1348 833 1394 870 M

1048 889 1256 929 Lentulo
1272 887 1497 927 Manutius
1555 888 1733 926 Lentuli
1749 888 1795 925 M

992 958 1013 985 2
1047 958 1089 985 a.
1113 946 1157 984 d.
1177 944 1299 985 VIII
1325 944 1394 983 Id.
1419 943 1646 982 Manutius
1703 956 1740 981 a.
1757 943 1795 981 d.

1112 1002 1207 1039 Vll
1221 1001 1285 1038 ld.
1311 1001 1356 1038 M

1047 1062 1302 1120 peregerat
1320 1057 1366 1095 M
1392 1055 1663 1107 perfregerat
1679 1053 1799 1093 Mad-

1103 1126 1174 1165 vlg

992 1182 1015 1223 3
1047 1181 1091 1210 a.
1114 1170 1158 1209 d.
1183 1169 1278 1209 VII
1314 1168 1385 1207 Id.
1420 1166 1645 1206 Manutius
1702 1166 1797 1205 cod.

1114 1226 1181 1264 Vl
1196 1225 1262 1262 ld.
1287 1223 1354 1262 Μ2

1048 1294 1091 1321 a.
1114 1282 1159 1320 d.
1183 1281 1304 1321 VIII
1329 1280 1398 1319 Id.
1423 1278 1650 1318 Manutius
1705 1278 1798 1316 aad.

1115 1338 1183 1376 VJ
1197 1337 1262 1374 ld.
1289 1337 1334 1374 M

994 1407 1018 1444 4
1051 1400 1097 1433 et
1157 1404 1336 1444 magna
1401 1390 1648 1443 Malaspina
1731 1390 1807 1429 sed

1105 1461 1260 1500 magna
1285 1449 1330 1486 M

998 1517 1018 1560 5
1050 1506 1108 1546 de
1132 1504 1314 1543 omitted
1338 1505 1383 1542 M

1050 1562 1290 1613 adligatos
1313 1558 1546 1599 Turnebus
1594 1559 1802 1609 adlegatos

1055 1673 1275 1713 Bestiam
1292 1671 1566 1722 Wesenberg
1605 1671 1684 1708 ista
1701 1671 1740 1708 ei
1756 1669 1802 1707 M

996 1742 1017 1781 7
1050 1728 1331 1770 huiusmodi
1352 1734 1404 1768 ut
1426 1734 1478 1767 tu
1499 1726 1746 1765 huiusmodi
1758 1731 1804 1764 tu

1056 1841 1256 1881 Lamiae
1280 1838 1507 1879 Manutius
1570 1838 1742 1878 Camz'cze
1757 1838 1803 1875 M

1056 1897 1337 1938 Olbiensem
1359 1896 1582 1933 vibiensem
1609 1890 1655 1932 M

1078 2009 1166 2052 ΕΡ.
1192 2007 1339 2050 XVII
1370 2006 1500 2065 (Att.
1526 2017 1568 2059 4.
1592 2016 1621 2058 4
1645 2006 1698 2063 B)

1004 2127 1020 2154 1
1056 2125 1275 2154 meorum
1308 2113 1476 2165 Kayser
1533 2123 1720 2150 meorum
1754 2110 1806 2148 bi-

1113 2170 1311 2209 bliotheca
1340 2169 1385 2207 M

1056 2227 1201 2265 velim
1224 2226 1372 2264 vellem
1398 2224 1444 2262 M

1056 2280 1299 2332 σιλλύβους
1317 2278 1527 2319 Graevius
1575 2277 1744 2317 sillabas
1760 2277 1805 2315 M

1001 2351 1021 2377 2
1057 2339 1223 2377 ludum
1284 2335 1458 2375 Ernesti
1542 2334 1678 2372 locum
1761 2332 1806 2371 M

1114 2394 1268 2442 λόχον
1300 2392 1455 2431 Bosius

1057 2450 1319 2488 liberasses
1343 2449 1389 2486 M
1449 2447 1554 2484 liber
1582 2458 1684 2483 esses
1707 2443 1808 2482 Pius

1062 2575 1148 2616 ΕΡ.
1176 2573 1351 2616 XVIII
1383 2573 1547 2630 (Fam.
1578 2581 1616 2624 5.
1649 2571 1728 2628 12)

1009 2692 1022 2718 1
1060 2680 1120 2719 ad
1140 2691 1276 2730 spem
1297 2677 1538 2730 quandam
1558 2676 1604 2714 M
1654 2689 1702 2714 ac
1721 2679 1811 2724 spes

1116 2736 1319 2787 quaedam
1349 2735 1393 2772 F.
1420 2732 1650 2771 Hofmann

1007 2804 1027 2830 2
1061 2792 1300 2842 cogitares
1321 2791 1500 2840 cogitare
1522 2788 1568 2826 M

1064 2847 1326 2886 Phocicum
1347 2846 1654 2883 Westermann
1714 2841 1810 2879 troi-

1116 2916 1209 2941 cum
1232 2904 1262 2940 Ω

1062 2959 1358 3009 seiungeres.
1416 2955 1654 3006 Equidem
1676 2954 1812 2992 seiun-

1110 3027 1210 3065 gere
1229 3027 1269 3051 se
1284 3012 1451 3064 quidem
1471 3011 1516 3049 M
1556 3023 1598 3048 se
1618 3011 1812 3060 iungeres

1118 3070 1305 3120 equidem
1326 3068 1408 3106 GR
