2067 3332
219 129 302 169 266
788 131 1068 171 CICERo’s
1111 131 1402 171 LETTERS.
1714 130 1814 183 [Ep.
1839 131 1952 169 xci.
2064 116 2067 169 1

2065 181 2067 219 l

116 279 118 285 ’
167 293 188 335 5
219 268 389 320 animi
415 269 524 320 mei
552 270 716 322 fracti
750 271 1126 322 communium
1160 271 1507 322 miseriarum
1544 270 1736 321 metu?
1817 270 1959 320 Tan-

220 360 347 411 dem
395 360 688 428 aliquando
739 362 954 413 Romae
1008 378 1132 413 esse
1186 361 1487 428 coepimus⁸
1574 360 1725 428 Quid
1780 360 1958 411 defuit

221 458 444 502 nostrae
471 451 870 503 familiaritati?
953 453 1019 503 In
1048 452 1299 504 maximis
1330 452 1495 503 rebus
1527 468 1765 519 quonam
1797 451 1959 502 modo

220 557 469 609 gererem
512 559 599 594 me
628 543 891 594 adversus
923 543 1216 595 Caesarem
1246 559 1380 594 usus
1416 550 1513 593 tuo
1557 541 1787 593 consilio
1820 558 1955 602 sum,

221 631 277 681 in
323 632 547 699 reliquis
595 632 793 685 officio
878 633 984 686 Cui
1032 641 1094 684 tu
1143 633 1403 694 tribuisti,
1437 640 1669 700 excepto
1702 631 1955 692 Caesare,

221 730 439 788 praeter
467 739 554 774 me
585 731 644 774 ut
674 724 898 775 domum
919 724 1225 775 ventitares
1255 724 1532 791 horasque
1563 722 1765 773 multas
1796 737 1961 788 saepe

223 813 545 864 suavissimo
588 831 843 866 sermone
886 821 1475 867 consumeres—tum
1518 830 1644 865 cum
1687 812 1868 873 etiam,
1914 811 1961 862 si

221 903 538 965 meministi,
590 912 650 955 ut
700 905 834 957 haec
891 902 1345 972 φιλοσοφούμενα
1401 903 1700 956 scriberem
1757 910 1818 953 tu
1873 918 1961 952 me
2011 954 2016 960 ,

222 995 522 1061 impulisti?
625 996 754 1047 Post
812 995 1065 1047 Caesaris
1122 995 1363 1047 reditum
1428 994 1558 1062 quid
1613 993 1715 1044 tibi
1769 991 1960 1043 maiori

223 1102 385 1136 curae
438 1086 543 1136 fuit
586 1103 750 1153 quam
806 1094 867 1137 ut
909 1102 1090 1137 essem
1134 1102 1238 1153 ego
1286 1085 1364 1136 illi
1404 1101 1568 1152 quam
1610 1082 1961 1135 familiarissi-

168 1187 194 1227 6
223 1176 385 1226 mus?
470 1176 635 1243 Quod
677 1177 962 1228 effeceras
1066 1176 1350 1244 Quorsum
1397 1175 1567 1243 igitur
1606 1175 1743 1226 haec
1785 1173 1961 1225 oratio

223 1266 440 1333 longior
481 1285 645 1334 quam
688 1267 980 1333 putaram?
1065 1267 1211 1335 Quia
1253 1284 1374 1318 sum
1423 1265 1724 1317 admiratus
1764 1263 1962 1333 te„qui

224 1358 359 1409 haec
408 1374 573 1408 nosse
611 1359 857 1419 debereS‚
890 1357 1186 1425 quicquam
1225 1375 1256 1408 a
1292 1374 1381 1408 me
1421 1356 1775 1409 commissum
1815 1355 1961 1422 quod

225 1456 374 1499 esset
417 1449 658 1499 alienum
696 1457 887 1499 nostra
919 1448 1161 1500 amicitia
1208 1447 1509 1500 credidisse
1523 1464 1535 1510 ;
1577 1463 1704 1498 nam
1746 1452 1963 1513 praeter

226 1539 360 1590 haec
424 1556 562 1606 quae
618 1539 1061 1600 commemoravi,
1119 1555 1260 1606 quae
1329 1545 1536 1589 testata
1590 1544 1720 1589 sunt
1776 1544 1832 1587 et
1887 1535 1963 1586 in-

225 1629 435 1690 lustria,
515 1630 693 1681 habeo
774 1629 949 1680 multa
1022 1629 1326 1681 occultiora
1398 1645 1540 1696 quae
1610 1627 1701 1678 vix
1778 1626 1963 1677 verbis

534 1737 774 1787 possum.
887 1719 1090 1772 Omnia
1162 1737 1250 1770 me
1319 1727 1415 1770 tua
1487 1718 1783 1778 delectant,
1866 1716 1963 1767 sed

1365 1808 1607 1860 amicitia
1672 1806 1962 1859 consilium

226 1720 454 1787 exsequi

225 1811 460 1861 maxime
524 1810 761 1861 maxima
827 1828 951 1862 cum
1020 1811 1157 1861 fides
1227 1809 1299 1860 in*

225 1901 467 1968 gravitas
535 1901 866 1962 constantia,
933 1909 1052 1952 tum
1121 1900 1276 1967 lepos
1344 1898 1660 1951 humanitas
1727 1897 1961 1948 litterae.

170 2018 191 2056 7
229 1991 848 2058 Quapropter—redeo
884 2008 1032 2042 nunc
1067 1991 1134 2041 ad
1169 1989 1650 2058 querelam—ego
1684 1996 1741 2039 te
1771 1987 1963 2039 suffra-

225 2082 374 2148 gium
417 2082 615 2132 tulisse
657 2082 713 2132 in
753 2081 845 2132 illa
881 2081 1005 2148 lege
1044 2070 1279 2147 primum
1315 2097 1428 2131 non
1470 2078 1702 2141 credidi,
1744 2077 1960 2137 deinde,

227 2172 273 2223 si
315 2172 688 2233 credidissem,
735 2189 1035 2238 numquam
1092 2171 1146 2221 id
1202 2170 1323 2221 sine
1363 2170 1545 2237 aliqua
1600 2169 1745 2220 iusta
1800 2184 1964 2219 causa

227 2263 595 2314 existimarem
629 2270 686 2313 te
719 2262 938 2314 fecisse.
1025 2261 1289 2328 Dignitas
1324 2268 1420 2311 tua
1456 2259 1590 2311 facit
1627 2266 1686 2310 ut
1725 2258 1963 2309 animad-

1140 2434 1354 2473 reference
1376 2440 1421 2472 to
1454 2432 1628 2480 Matius,
1646 2431 1689 2470 in
1711 2443 1795 2483 any
1815 2443 1896 2469 one
1918 2429 1965 2468 of

1140 2490 1262 2529 these
1320 2488 1473 2528 works.
1495 2512 1550 2517 —
1570 2494 1679 2539 post
1740 2485 1963 2526 Caesaris

226 2437 391 2475 clauses
413 2435 542 2475 stand
564 2448 611 2475 as
640 2434 935 2486 independent
962 2447 1054 2475 sen-

227 2499 384 2531 tences.
446 2492 588 2531 These
631 2492 750 2530 three
791 2504 911 2530 cases
952 2503 1052 2529 are:

228 2554 448 2587 secutum
472 2547 585 2586 illud
608 2553 802 2598 tempus
821 2553 912 2591 est;
943 2546 1054 2585 veni

230 2603 558 2650 Brundisium,
600 2602 684 2640 and
724 2603 919 2641 tandem
953 2631 963 2640 .
998 2630 1008 2640 .
1042 2630 1052 2640 .

228 2659 551 2709 coepimus.——
563 2658 892 2697 communium
909 2657 1054 2696 mise-

227 2715 426 2753 riarum:
467 2728 519 2751 sc.
556 2714 695 2752 which
736 2713 879 2752 would
921 2713 1052 2751 result

226 2769 338 2807 from
361 2769 434 2807 the
456 2769 699 2807 overthrow
721 2768 767 2807 of
788 2769 860 2807 the
882 2775 1005 2807 state.

287 2836 319 2876 5.
352 2825 549 2863 tandem
565 2824 845 2875 aliquando:
868 2824 909 2861 in
936 2824 1051 2873 Sept.

227 2892 276 2929 47
304 2889 403 2928 13.C.;
427 2879 479 2918 cf.
504 2880 609 2918 Intr.
634 2891 698 2931 33.
717 2877 1054 2930 -ᾠιλοσ-οῴοῦ-

228 2949 358 2986 μεναε
408 2935 617 2987 probably
667 2935 739 2973 the
790 2935 1053 2979 Academica,

165 3029 167 3032 Α
228 2991 301 3030 the
322 2992 371 3029 de
393 2991 582 3036 Finibus,
597 2989 682 3028 and
696 2990 769 3028 the
795 2991 1056 3028 Tusculanae

229 3047 559 3096 Disputationes,
578 3045 785 3095 although
810 3045 928 3083 there
945 3045 980 3082 is
997 3057 1053 3082 no

1141 2546 1368 2585 reditum:
1404 2544 1446 2583 in
1481 2544 1611 2594 Sept„
1643 2553 1695 2594 45
1728 2552 1823 2587 13.c.,
1856 2541 1965 2580 after

1141 2601 1214 2640 the
1234 2601 1369 2640 battle
1391 2599 1438 2638 of
1460 2598 1636 2638 Munda.
1683 2597 1751 2636 Cf.
1771 2598 1876 2635 Intr.
1898 2606 1963 2648 35.

1140 2656 1375 2695 —maiori
1411 2666 1583 2694 curae:
1624 2653 1677 2692 cf.
1715 2653 1876 2691 minori
1902 2665 1965 2689 cu-

1140 2726 1224 2758 rae,
1249 2713 1325 2762 Ep.
1351 2710 1494 2750 XXV.
1519 2722 1539 2748 2
1562 2722 1602 2747 n.
1619 2708 1812 2759 —quod
1844 2707 1964 2746 effe-

1140 2779 1275 2806 ceras
1300 2781 1307 2804 :
1339 2780 1392 2804 sc.
1414 2765 1562 2804 before
1584 2764 1781 2803 Caesar's
1803 2770 1962 2801 return.

1196 2834 1232 2871 7.
1266 2822 1344 2860 illa
1373 2821 1513 2872 lege:
1554 2818 1762 2871 probably
1792 2818 1865 2856 the
1895 2818 1964 2855 lex

1139 2879 1188 2916 de
1255 2878 1564 2928 permutatione
1620 2874 1962 2925 provinciaram,

1140 2933 1285 2971 whose
1305 2944 1487 2983 passage
1510 2932 1688 2982 Antony
1704 2927 1880 2968 secured
1896 2940 1964 2978 ap-

1139 2989 1334 3040 parently
1354 2988 1396 3026 in
1419 2988 1491 3025 the
1514 2998 1702 3025 summer
1732 2984 1779 3022 of
1804 2995 1857 3032 44
1882 2992 1962 3020 B.C.

1142 3043 1212 3095 (cf.
1275 3044 1427 3088 Ruete,
1486 3043 1568 3080 Die
1630 3039 1962 3091 Correspondenz
