2067 3332
31 158 151 197 Fam.
173 154 211 196 6.
235 155 294 207 6.]
594 156 874 196 CICERO’S
918 157 1208 197 LETTERS.
1702 159 1781 198 199

29 297 149 363 ipse
178 295 543 363 temporibus,
617 297 704 347 Ita
733 313 837 348 nec
867 296 959 347 ille
989 297 1120 364 quid
1149 305 1403 365 tempora
1431 298 1780 365 postulatura

30 387 143 439 sint
186 404 290 438 nec
333 404 434 438 nos
464 387 596 454 quid
640 386 733 437 ille
775 387 986 454 cogitet
1031 388 1174 439 scire
1217 399 1531 455 possumus
1620 389 1779 441 Haec

28 477 132 529 tibi
160 485 326 529 antea
355 494 467 528 non
498 477 774 544 rescripsi,
809 494 920 528 non
951 495 1060 545 quo
1091 486 1340 530 cessator
1368 496 1493 530 esse
1524 479 1775 543 solerem,

27 568 357 636 praesertim
388 567 444 619 in
473 568 691 629 litteris,
726 568 840 630 sed,
875 585 1001 619 curn
1032 569 1301 635 explorati
1331 570 1468 620 nihil
1497 571 1775 634 haberem,

28 675 132 711 nec
173 658 277 710 tibi
319 653 753 710 sollicitudinem
803 676 871 710 ex
912 659 1262 711 dubitatione
1311 678 1435 712 mea
1476 679 1580 714 nec
1623 681 1779 730 spem

29 766 97 801 ex
124 749 509 801 adfirmatione
539 750 757 801 adferre
786 749 949 802 volui.
1038 751 1183 802 Illud
1225 759 1414 803 tamen
1449 754 1775 816 adscribam,

30 841 176 908 quod
208 847 294 892 est
321 839 691 902 verissimum,
725 858 813 892 me
843 841 930 893 his
959 843 1306 909 temporibus
1350 844 1530 896 adhuc
1559 845 1628 895 de
1670 845 1778 896 isto

28 930 272 998 periculo
322 930 460 981 nihil
509 931 748 984 audisse.
839 932 927 983 Tu
976 940 1165 984 tamen
1214 952 1313 1001 pro
1361 942 1458 986 tua
1506 936 1780 1002 sapientia

27 1021 258 1073 debebis
301 1029 493 1089 optare
537 1018 762 1089 optima,
797 1024 1044 1091 cogitare
1073 1025 1412 1088 difficillima,
1444 1026 1591 1078 ferre
1620 1045 1779 1094 quae-

28 1129 265 1180 cumque
309 1120 487 1165 erunt.

605 1248 786 1300 LXV.
851 1249 1023 1320 (Fam.
1055 1250 1105 1301 6.
1139 1251 1215 1317 6.)

411 1394 471 1432 M.
515 1393 746 1433 CICERO
789 1395 831 1434 S.
875 1396 930 1433 D.
975 1397 1027 1434 A.
1070 1395 1405 1436 CAECINAE.

105 1506 319 1557 Vereor
347 1522 418 1556 ne
452 1505 734 1557 desideres
766 1507 1009 1558 officium
1044 1525 1325 1559 meum—
1346 1511 1493 1577 quod
1534 1511 1637 1562 tibi
1679 1529 1777 1578 pro

29 1604 221 1648 nostra
269 1604 324 1647 et
373 1596 697 1648 meritorum
748 1598 1047 1649 multorum
1099 1607 1153 1650 et
1204 1600 1514 1652 studiorum
1564 1602 1777 1668 parium

7 1681 427 1739 ‘coniunctione
470 1688 668 1739 deesse
723 1706 835 1739 non
890 1690 1074 1751 debet,
1105 1692 1301 1742 —sed
1356 1699 1543 1743 tamen
1586 1710 1781 1744 vereor

30 1795 100 1829 ne
129 1778 441 1829 litterarum
472 1795 504 1829 a
537 1796 626 1829 me
665 1779 907 1831 officium
950 1781 1215 1849 requiras,
1248 1800 1386 1850 quas
1428 1783 1531 1834 tibi
1572 1791 1627 1834 et
1670 1785 1778 1835 iarn

29 1870 241 1937 pridem
286 1876 340 1920 et
385 1886 551 1936 saepe
593 1870 887 1933 misissem,
920 1872 1029 1922 nisi
1072 1873 1275 1924 cotidie
1317 1874 1515 1926 melius
1558 1892 1780 1942 exspec-

30 1969 157 2012 tans
214 1959 645 2028 gratulationem
701 1979 866 2029 quarn
936 1964 1414 2015 confirmationem
1473 1966 1643 2016 animi
1696 1967 1779 2017 tui

88 2102 123 2142 3.
159 2097 402 2130 cessator:
434 2091 488 2131 cf.
523 2092 627 2131 Intr.
651 2093 860 2145 75.——de

32 2146 125 2185 isto
157 2147 394 2198 periculo:
427 2147 480 2187 cf.
504 2150 553 2187 de
573 2149 664 2187 istis
685 2149 862 2187 munici-

25 2203 127 2253 piis,
151 2214 164 2240 1
176 2234 183 2241 .

951 2092 1051 2132 ered
1087 2093 1160 2132 the
1196 2094 1366 2132 oration
1397 2100 1482 2145 pro
1526 2097 1704 2134 Caecina
1735 2096 1777 2134 in

949 2148 1003 2199 69
1035 2158 1118 2187 ΒΕ.
1179 2149 1333 2188 Cicero
1365 2157 1497 2189 wrote
1533 2157 1618 2189 two
1655 2152 1780 2190 other

948 2204 1097 2243 letters
1138 2211 1183 2243 to
1225 2205 1298 2244 the
1348 2219 1540 2258 younger
1591 2206 1780 2245 Caecina

89 2258 227 2297 LXV.
280 2259 434 2306 Rome,
487 2260 605 2311 Sept.
648 2273 698 2299 or
749 2260 858 2306 Oct.,

30 2312 84 2362 46
135 2324 217 2353 B.C.
278 2315 330 2352 A.
374 2315 573 2361 Caecina,
616 2315 860 2355 descended

28 2369 144 2408 from
160 2382 214 2408 an
231 2370 305 2408 old
328 2371 539 2410 Etruscan
556 2370 717 2423 family,
732 2385 818 2411 was
836 2384 862 2410 a

30 2437 130 2464 man
163 2425 210 2464 of
239 2425 537 2466 considerable
568 2427 728 2480 ability‚
751 2427 859 2466 both

30 2493 77 2520 as
99 2493 125 2519 a
145 2481 285 2520 writer
306 2481 390 2520 and
411 2495 459 2521 as
481 2495 535 2521 an
569 2489 728 2522 orator.
790 2483 857 2523 Cf.

33 2536 131 2575 Sen.
172 2538 275 2575 Nat.
325 2537 488 2586 Quaest.
533 2550 568 2576 2.
615 2538 675 2592 56.
722 2551 736 2577 1
787 2540 860 2578 boc

29 2594 149 2642 apud
174 2595 395 2632 Caecinam
420 2595 600 2641 invenio,
610 2595 857 2646 facundum

30 2649 173 2686 virum
208 2655 248 2687 et
278 2650 356 2700 qni
389 2649 599 2688 habuisset
626 2652 861 2702 aliquando

31 2704 78 2741 in
118 2705 353 2755 eloquentia
405 2718 568 2751 nomen,
608 2708 694 2744 nisi
731 2708 856 2745 illum

36 2760 247 2798 Ciceronis
268 2761 418 2799 umbra
434 2763 664 2810 pressisset.
699 2763 749 2800 In
771 2763 859 2802 fact

29 2813 62 2852 it
95 2828 181 2854 was
222 2815 288 2854 his
329 2828 482 2855 course
522 2829 569 2855 as
605 2830 630 2856 a
668 2819 859 2869 political

29 2871 338 2922 pamphleteer‚
362 2872 507 2910 rather
538 2872 642 2911 than
665 2886 712 2912 as
734 2887 759 2912 a
780 2875 860 2913 sol-

31 2925 132 2972 dier,
166 2927 303 2966 which
335 2926 404 2966 led
436 2928 600 2967 Caesar
631 2935 676 2967 to
705 2929 858 2968 banish

30 2980 118 3020 him
145 2982 215 3032 (cf.
241 2983 358 3021 Suet.
383 2984 466 3021 lul.
491 2984 575 3035 75).
616 2985 686 3023 He
708 2998 794 3024 was
817 2992 860 3024 at

32 3037 116 3076 this
139 3038 241 3076 time
264 3038 304 3076 in
340 3039 479 3091 Sicily.
542 3040 582 3078 It
605 3053 690 3079 was
721 3041 762 3079 in
795 3041 859 3080 his

29 3091 207 3132 father's
238 3093 386 3132 behalf
425 3095 519 3133 that
551 3095 702 3134 Cicero
735 3096 862 3135 deliv-

953 2259 1048 2311 (viz.
1071 2261 1192 2299 Fam.
1216 2261 1252 2299 6.
1279 2271 1298 2313 5
1331 2261 1415 2299 and
1442 2262 1501 2313 8),
1525 2275 1608 2300 one
1638 2262 1680 2300 in
1712 2262 1778 2301 his

948 2315 1097 2355 behalf
1120 2316 1256 2368 (Fam.
1285 2329 1346 2368 13.
1369 2317 1453 2367 66),
1477 2317 1561 2356 and
1583 2317 1779 2357 received

949 2384 1031 2411 one
1052 2371 1164 2410 from
1196 2373 1283 2410 him
1310 2374 1447 2423 (Fam.
1471 2373 1507 2412 6.
1531 2374 1587 2425 7).

1008 2440 1040 2466 1.
1071 2428 1338 2467 studiorum
1354 2430 1566 2480 parium:
1591 2430 1779 2468 Caecina

946 2497 1033 2523 was
1055 2497 1108 2523 an
1131 2484 1352 2536 authority
1382 2498 1495 2535 upon
1528 2485 1600 2524 the
1633 2486 1778 2525 Etrus-

947 2552 1025 2578 can
1041 2539 1221 2579 method
1242 2540 1289 2578 of
1311 2540 1592 2592 interpreting
1613 2554 1776 2589 omens,

946 2595 1031 2634 and
1047 2596 1134 2635 had
1149 2597 1315 2636 written
1333 2609 1359 2635 a
1375 2596 1506 2642 book,
1524 2598 1573 2635 de
1589 2599 1777 2636 Etrusca

945 2653 1204 2703 Disciplina,
1228 2653 1352 2692 while
1386 2652 1552 2698 Cicero,
1576 2653 1687 2691 after
1710 2653 1775 2692 his

946 2708 1160 2747 elevation
1211 2715 1257 2748 to
1310 2710 1383 2749 the
1428 2715 1650 2760 augurate‚
1691 2709 1776 2747 had

945 2763 1180 2804 interested
1225 2765 1399 2804 himself
1444 2766 1486 2803 in
1536 2765 1609 2803 the
1658 2778 1776 2804 same

946 2820 1058 2859 class
1080 2820 1127 2859 of
1156 2820 1362 2871 subjects‚
1387 2821 1471 2859 and
1503 2821 1589 2860 had
1610 2821 1776 2859 written

947 2887 972 2913 3
993 2877 1167 2915 treatise
1189 2876 1327 2915 called
1349 2877 1398 2915 de
1422 2878 1645 2927 Angrurizs.
1707 2877 1775 2915 Cf.

947 2931 1039 2970 also
1072 2933 1193 2971 Fam.
1226 2931 1263 2971 6.
1293 2943 1330 2983 9.
1359 2933 1774 2972 1.—litterarum:

949 2986 1053 3026 used
1085 3000 1132 3025 as
1163 3000 1189 3025 a
1218 2988 1380 3038 plura13
1414 2987 1467 3026 cf.
1500 2990 1662 3034 litteris,
1696 2989 1776 3039 Ep.

948 3043 1114 3080 XCIX.
1139 3054 1152 3080 1
1175 3056 1284 3080 n.—
1302 3043 1474 3082 melius
1493 3058 1500 3080 ε
1520 3044 1572 3082 cf.
1586 3044 1774 3094 prolixe,

948 3098 1026 3148 Ep.
1052 3098 1178 3136 XXI.
1206 3109 1219 3135 1
1248 3111 1287 3135 n.
