<?xml version="1.0" encoding="UTF-8"?>
<!DOCTYPE html PUBLIC "-//W3C//DTD XHTML 1.0 Transitional//EN"
    "http://www.w3.org/TR/xhtml1/DTD/xhtml1-transitional.dtd">
<html xmlns="http://www.w3.org/1999/xhtml" xml:lang="en" lang="en">
 <head>
  <title>
</title>
<meta http-equiv="Content-Type" content="text/html;charset=utf-8" />
  <meta name='ocr-system' content='tesseract 3.04.00' />
  <meta name='ocr-capabilities' content='ocr_page ocr_carea ocr_par ocr_line ocrx_word'/>
</head>
<body>
  <div class='ocr_page' id='page_1' title='image "./selectedletterso1898cice_0252.png"; bbox 0 0 2067 3332; ppageno 0'>
   <div class='ocr_carea' id='block_1_1' title="bbox 182 204 1923 260">
    <p class='ocr_par' dir='ltr' id='par_1_1' title="bbox 182 204 1923 260">
     <span class='ocr_line' id='line_1_1' title="bbox 182 204 1923 260; baseline 0.002 -16"><span class='ocrx_word' id='word_1_1' title='bbox 182 204 263 246; x_wconf 92' lang='grc'>170</span> <span class='ocrx_word' id='word_1_2' title='bbox 710 205 988 245; x_wconf 90' lang='lat' dir='ltr'>CICERO’S</span> <span class='ocrx_word' id='word_1_3' title='bbox 1030 206 1318 246; x_wconf 90' lang='lat' dir='ltr'><strong>LETTERS.</strong></span> <span class='ocrx_word' id='word_1_4' title='bbox 1564 252 1578 256; x_wconf 27' lang='grc' dir='ltr'>,Ι</span> <span class='ocrx_word' id='word_1_5' title='bbox 1633 206 1733 260; x_wconf 86' lang='lat' dir='ltr'>[Ep.</span> <span class='ocrx_word' id='word_1_6' title='bbox 1757 207 1923 247; x_wconf 88' lang='lat' dir='ltr'>XLIX.</span> 
     </span>
    </p>
   </div>
   <div class='ocr_carea' id='block_1_2' title="bbox 181 344 1926 2129">
    <p class='ocr_par' dir='ltr' id='par_1_2' title="bbox 181 344 1926 2129">
     <span class='ocr_line' id='line_1_2' title="bbox 184 344 1923 414; baseline 0.001 -18"><span class='ocrx_word' id='word_1_7' title='bbox 184 344 313 407; x_wconf 88' lang='lat' dir='ltr'>Sed,</span> <span class='ocrx_word' id='word_1_8' title='bbox 358 351 419 396; x_wconf 94' lang='lat' dir='ltr'>ut</span> <span class='ocrx_word' id='word_1_9' title='bbox 464 360 529 396; x_wconf 91' lang='lat' dir='ltr'>eo</span> <span class='ocrx_word' id='word_1_10' title='bbox 578 351 831 411; x_wconf 90' lang='lat' dir='ltr'>ternpore</span> <span class='ocrx_word' id='word_1_11' title='bbox 875 360 986 396; x_wconf 89' lang='lat' dir='ltr'>non</span> <span class='ocrx_word' id='word_1_12' title='bbox 1031 345 1195 396; x_wconf 92' lang='lat' dir='ltr'>modo</span> <span class='ocrx_word' id='word_1_13' title='bbox 1240 345 1360 412; x_wconf 92' lang='lat' dir='ltr'>ipse</span> <span class='ocrx_word' id='word_1_14' title='bbox 1406 345 1593 397; x_wconf 83' lang='lat' dir='ltr'>fautor</span> <span class='ocrx_word' id='word_1_15' title='bbox 1633 346 1923 414; x_wconf 82' lang='lat' dir='ltr'>dignitatis</span> 
     </span>
     <span class='ocr_line' id='line_1_3' title="bbox 181 435 1920 499; baseline 0.001 -13"><span class='ocrx_word' id='word_1_16' title='bbox 181 442 311 486; x_wconf 91' lang='lat' dir='ltr'>tuae</span> <span class='ocrx_word' id='word_1_17' title='bbox 338 435 436 497; x_wconf 83' lang='lat' dir='ltr'>fui,</span> <span class='ocrx_word' id='word_1_18' title='bbox 468 452 659 486; x_wconf 87' lang='lat' dir='ltr'>verum</span> <span class='ocrx_word' id='word_1_19' title='bbox 689 435 857 486; x_wconf 92' lang='lat' dir='ltr'>etiam</span> <span class='ocrx_word' id='word_1_20' title='bbox 889 435 1091 487; x_wconf 91' lang='lat' dir='ltr'>ceteris</span> <span class='ocrx_word' id='word_1_21' title='bbox 1120 444 1313 488; x_wconf 82' lang='lat' dir='ltr'>auctor</span> <span class='ocrx_word' id='word_1_22' title='bbox 1341 437 1408 487; x_wconf 92' lang='lat' dir='ltr'>ad</span> <span class='ocrx_word' id='word_1_23' title='bbox 1449 444 1506 488; x_wconf 94' lang='lat' dir='ltr'>te</span> <span class='ocrx_word' id='word_1_24' title='bbox 1535 436 1920 499; x_wconf 88' lang='lat' dir='ltr'>adiuvandum,</span> 
     </span>
     <span class='ocr_line' id='line_1_4' title="bbox 182 525 1925 593; baseline 0.001 -16"><span class='ocrx_word' id='word_1_25' title='bbox 182 526 262 577; x_wconf 91' lang='lat' dir='ltr'>sic</span> <span class='ocrx_word' id='word_1_26' title='bbox 304 542 393 576; x_wconf 90' lang='lat' dir='ltr'>me</span> <span class='ocrx_word' id='word_1_27' title='bbox 435 543 583 577; x_wconf 93' lang='lat' dir='ltr'>nunc</span> <span class='ocrx_word' id='word_1_28' title='bbox 628 525 855 592; x_wconf 80' lang='lat' dir='ltr'>Pompei</span> <span class='ocrx_word' id='word_1_29' title='bbox 896 525 1141 593; x_wconf 77' lang='lat' dir='ltr'>dignitas</span> <span class='ocrx_word' id='word_1_30' title='bbox 1179 527 1541 578; x_wconf 89' lang='lat' dir='ltr'>vehementer</span> <span class='ocrx_word' id='word_1_31' title='bbox 1581 534 1767 578; x_wconf 85' lang='lat' dir='ltr'>movet</span> <span class='ocrx_word' id='word_1_32' title='bbox 1782 545 1793 591; x_wconf 73' lang='grc' dir='ltr'><strong><em>ς</em></strong></span> <span class='ocrx_word' id='word_1_33' title='bbox 1835 527 1925 578; x_wconf 93' lang='lat' dir='ltr'>ali-</span> 
     </span>
     <span class='ocr_line' id='line_1_5' title="bbox 181 616 1925 685; baseline 0.002 -19"><span class='ocrx_word' id='word_1_34' title='bbox 181 623 316 684; x_wconf 89' lang='lat' dir='ltr'>quot</span> <span class='ocrx_word' id='word_1_35' title='bbox 358 616 506 667; x_wconf 90' lang='lat' dir='ltr'>enim</span> <span class='ocrx_word' id='word_1_36' title='bbox 551 624 681 667; x_wconf 89' lang='lat' dir='ltr'>sunt</span> <span class='ocrx_word' id='word_1_37' title='bbox 723 616 855 667; x_wconf 92' lang='lat' dir='ltr'>anni</span> <span class='ocrx_word' id='word_1_38' title='bbox 903 634 1027 668; x_wconf 94' lang='lat' dir='ltr'>cum</span> <span class='ocrx_word' id='word_1_39' title='bbox 1070 634 1167 668; x_wconf 90' lang='lat' dir='ltr'>vos</span> <span class='ocrx_word' id='word_1_40' title='bbox 1216 618 1324 668; x_wconf 92' lang='lat' dir='ltr'>duo</span> <span class='ocrx_word' id='word_1_41' title='bbox 1372 617 1556 685; x_wconf 90' lang='lat' dir='ltr'>delegi</span> <span class='ocrx_word' id='word_1_42' title='bbox 1597 635 1734 685; x_wconf 90' lang='lat' dir='ltr'>quos</span> <span class='ocrx_word' id='word_1_43' title='bbox 1776 635 1925 685; x_wconf 91' lang='lat' dir='ltr'>prae-</span> 
     </span>
     <span class='ocr_line' id='line_1_6' title="bbox 183 707 1922 774; baseline 0.002 -17"><span class='ocrx_word' id='word_1_44' title='bbox 183 707 344 773; x_wconf 82' lang='lat' dir='ltr'>cipue</span> <span class='ocrx_word' id='word_1_45' title='bbox 374 707 612 758; x_wconf 75' lang='lat' dir='ltr'><strong>colerem</strong></span> <span class='ocrx_word' id='word_1_46' title='bbox 645 714 700 757; x_wconf 92' lang='lat' dir='ltr'>et</span> <span class='ocrx_word' id='word_1_47' title='bbox 730 707 929 774; x_wconf 88' lang='lat' dir='ltr'>quibus</span> <span class='ocrx_word' id='word_1_48' title='bbox 960 723 1157 768; x_wconf 91' lang='lat' dir='ltr'>essem,</span> <span class='ocrx_word' id='word_1_49' title='bbox 1191 707 1335 759; x_wconf 91' lang='lat' dir='ltr'>sicut</span> <span class='ocrx_word' id='word_1_50' title='bbox 1365 725 1505 770; x_wconf 91' lang='lat' dir='ltr'>sum,</span> <span class='ocrx_word' id='word_1_51' title='bbox 1537 708 1922 761; x_wconf 71' lang='lat' dir='ltr'>amicissimus</span> 
     </span>
     <span class='ocr_line' id='line_1_7' title="bbox 186 797 1925 866; baseline 0.002 -19"><span class='ocrx_word' id='word_1_52' title='bbox 186 797 562 865; x_wconf 78' lang='lat' dir='ltr'>Quamobrem</span> <span class='ocrx_word' id='word_1_53' title='bbox 593 814 625 848; x_wconf 92' lang='lat' dir='ltr'>a</span> <span class='ocrx_word' id='word_1_54' title='bbox 661 804 718 848; x_wconf 93' lang='lat' dir='ltr'>te</span> <span class='ocrx_word' id='word_1_55' title='bbox 759 805 888 864; x_wconf 89' lang='lat' dir='ltr'>peto</span> <span class='ocrx_word' id='word_1_56' title='bbox 918 797 1003 849; x_wconf 85' lang='lat' dir='ltr'>vel</span> <span class='ocrx_word' id='word_1_57' title='bbox 1047 798 1232 864; x_wconf 91' lang='lat' dir='ltr'>potius</span> <span class='ocrx_word' id='word_1_58' title='bbox 1274 799 1530 850; x_wconf 91' lang='lat' dir='ltr'>omnibus</span> <span class='ocrx_word' id='word_1_59' title='bbox 1571 807 1628 850; x_wconf 92' lang='lat' dir='ltr'>te</span> <span class='ocrx_word' id='word_1_60' title='bbox 1669 799 1925 866; x_wconf 81' lang='lat' dir='ltr'>precibus</span> 
     </span>
     <span class='ocr_line' id='line_1_8' title="bbox 183 887 1926 956; baseline 0.001 -18"><span class='ocrx_word' id='word_1_61' title='bbox 183 904 277 938; x_wconf 91' lang='lat' dir='ltr'>oro</span> <span class='ocrx_word' id='word_1_62' title='bbox 309 895 363 938; x_wconf 92' lang='lat' dir='ltr'>et</span> <span class='ocrx_word' id='word_1_63' title='bbox 394 888 649 939; x_wconf 91' lang='lat' dir='ltr'>obtestor</span> <span class='ocrx_word' id='word_1_64' title='bbox 677 894 737 938; x_wconf 90' lang='lat' dir='ltr'>ut</span> <span class='ocrx_word' id='word_1_65' title='bbox 767 887 821 938; x_wconf 92' lang='lat' dir='ltr'>in</span> <span class='ocrx_word' id='word_1_66' title='bbox 854 888 965 939; x_wconf 89' lang='lat' dir='ltr'>tuis</span> <span class='ocrx_word' id='word_1_67' title='bbox 1000 888 1254 940; x_wconf 85' lang='lat' dir='ltr'>maximis</span> <span class='ocrx_word' id='word_1_68' title='bbox 1298 889 1443 940; x_wconf 92' lang='lat' dir='ltr'>curis</span> <span class='ocrx_word' id='word_1_69' title='bbox 1485 888 1689 956; x_wconf 91' lang='lat' dir='ltr'>aliquid</span> <span class='ocrx_word' id='word_1_70' title='bbox 1732 889 1926 956; x_wconf 90' lang='lat' dir='ltr'>imper-</span> 
     </span>
     <span class='ocr_line' id='line_1_9' title="bbox 183 978 1925 1046; baseline 0.001 -18"><span class='ocrx_word' id='word_1_71' title='bbox 183 978 288 1029; x_wconf 89' lang='lat' dir='ltr'>tias</span> <span class='ocrx_word' id='word_1_72' title='bbox 319 978 585 1045; x_wconf 92' lang='lat' dir='ltr'>temporis</span> <span class='ocrx_word' id='word_1_73' title='bbox 621 978 750 1030; x_wconf 93' lang='lat' dir='ltr'>huic</span> <span class='ocrx_word' id='word_1_74' title='bbox 778 995 996 1046; x_wconf 89' lang='lat' dir='ltr'>quoque</span> <span class='ocrx_word' id='word_1_75' title='bbox 1039 979 1380 1046; x_wconf 78' lang='lat' dir='ltr'>cogitationi,</span> <span class='ocrx_word' id='word_1_76' title='bbox 1414 987 1473 1030; x_wconf 93' lang='lat' dir='ltr'>ut</span> <span class='ocrx_word' id='word_1_77' title='bbox 1517 987 1613 1030; x_wconf 94' lang='lat' dir='ltr'>tuo</span> <span class='ocrx_word' id='word_1_78' title='bbox 1655 979 1925 1031; x_wconf 91' lang='lat' dir='ltr'>beneficio</span> 
     </span>
     <span class='ocr_line' id='line_1_10' title="bbox 183 1068 1926 1136; baseline 0.001 -17"><span class='ocrx_word' id='word_1_79' title='bbox 183 1069 361 1120; x_wconf 91' lang='lat' dir='ltr'>bonus</span> <span class='ocrx_word' id='word_1_80' title='bbox 390 1069 487 1130; x_wconf 87' lang='lat' dir='ltr'>vir,</span> <span class='ocrx_word' id='word_1_81' title='bbox 520 1076 727 1136; x_wconf 91' lang='lat' dir='ltr'>gratus,</span> <span class='ocrx_word' id='word_1_82' title='bbox 761 1070 884 1136; x_wconf 93' lang='lat' dir='ltr'>pius</span> <span class='ocrx_word' id='word_1_83' title='bbox 919 1068 1158 1136; x_wconf 88' lang='lat' dir='ltr'>denique</span> <span class='ocrx_word' id='word_1_84' title='bbox 1187 1086 1310 1120; x_wconf 90' lang='lat' dir='ltr'>esse</span> <span class='ocrx_word' id='word_1_85' title='bbox 1340 1069 1393 1120; x_wconf 92' lang='lat' dir='ltr'>in</span> <span class='ocrx_word' id='word_1_86' title='bbox 1425 1069 1648 1120; x_wconf 84' lang='lat' dir='ltr'>maximi</span> <span class='ocrx_word' id='word_1_87' title='bbox 1690 1069 1926 1121; x_wconf 90' lang='lat' dir='ltr'>benefici</span> 
     </span>
     <span class='ocr_line' id='line_1_11' title="bbox 182 1159 1926 1227; baseline 0.001 -18"><span class='ocrx_word' id='word_1_88' title='bbox 182 1159 448 1210; x_wconf 90' lang='lat' dir='ltr'>memoria</span> <span class='ocrx_word' id='word_1_89' title='bbox 485 1159 710 1226; x_wconf 89' lang='lat' dir='ltr'>possim.</span> <span class='ocrx_word' id='word_1_90' title='bbox 796 1159 956 1226; x_wconf 76' lang='lat' dir='ltr'>Quae</span> <span class='ocrx_word' id='word_1_91' title='bbox 999 1159 1045 1210; x_wconf 92' lang='lat' dir='ltr'>si</span> <span class='ocrx_word' id='word_1_92' title='bbox 1086 1167 1303 1210; x_wconf 90' lang='lat' dir='ltr'>tantum</span> <span class='ocrx_word' id='word_1_93' title='bbox 1347 1160 1415 1210; x_wconf 91' lang='lat' dir='ltr'>ad</span> <span class='ocrx_word' id='word_1_94' title='bbox 1456 1177 1545 1210; x_wconf 93' lang='lat' dir='ltr'>me</span> <span class='ocrx_word' id='word_1_95' title='bbox 1587 1159 1765 1227; x_wconf 90' lang='lat' dir='ltr'>ipsum</span> <span class='ocrx_word' id='word_1_96' title='bbox 1809 1177 1926 1227; x_wconf 93' lang='lat' dir='ltr'>per-</span> 
     </span>
     <span class='ocr_line' id='line_1_12' title="bbox 181 1249 1922 1316; baseline 0.001 -16"><span class='ocrx_word' id='word_1_97' title='bbox 181 1249 446 1311; x_wconf 91' lang='lat' dir='ltr'>tinerent,</span> <span class='ocrx_word' id='word_1_98' title='bbox 481 1266 760 1316; x_wconf 87' lang='lat' dir='ltr'>sperarem</span> <span class='ocrx_word' id='word_1_99' title='bbox 803 1266 891 1300; x_wconf 88' lang='lat' dir='ltr'>me</span> <span class='ocrx_word' id='word_1_100' title='bbox 933 1266 965 1300; x_wconf 93' lang='lat' dir='ltr'>a</span> <span class='ocrx_word' id='word_1_101' title='bbox 1005 1257 1062 1300; x_wconf 90' lang='lat' dir='ltr'>te</span> <span class='ocrx_word' id='word_1_102' title='bbox 1104 1258 1291 1300; x_wconf 90' lang='lat' dir='ltr'>tamen</span> <span class='ocrx_word' id='word_1_103' title='bbox 1336 1249 1776 1316; x_wconf 88' lang='lat' dir='ltr'>impetraturum,</span> <span class='ocrx_word' id='word_1_104' title='bbox 1810 1251 1922 1312; x_wconf 89' lang='lat' dir='ltr'>sed,</span> 
     </span>
     <span class='ocr_line' id='line_1_13' title="bbox 182 1339 1926 1407; baseline 0.001 -17"><span class='ocrx_word' id='word_1_105' title='bbox 182 1348 243 1390; x_wconf 92' lang='lat' dir='ltr'>ut</span> <span class='ocrx_word' id='word_1_106' title='bbox 273 1340 524 1401; x_wconf 87' lang='lat' dir='ltr'>arbitror,</span> <span class='ocrx_word' id='word_1_107' title='bbox 557 1347 613 1390; x_wconf 92' lang='lat' dir='ltr'>et</span> <span class='ocrx_word' id='word_1_108' title='bbox 642 1341 710 1390; x_wconf 93' lang='lat' dir='ltr'>ad</span> <span class='ocrx_word' id='word_1_109' title='bbox 739 1347 891 1391; x_wconf 87' lang='lat' dir='ltr'>tuam</span> <span class='ocrx_word' id='word_1_110' title='bbox 921 1340 1085 1391; x_wconf 90' lang='lat' dir='ltr'>fidem</span> <span class='ocrx_word' id='word_1_111' title='bbox 1125 1347 1180 1391; x_wconf 93' lang='lat' dir='ltr'>et</span> <span class='ocrx_word' id='word_1_112' title='bbox 1222 1340 1290 1391; x_wconf 93' lang='lat' dir='ltr'>ad</span> <span class='ocrx_word' id='word_1_113' title='bbox 1332 1356 1446 1390; x_wconf 91' lang='lat' dir='ltr'>rem</span> <span class='ocrx_word' id='word_1_114' title='bbox 1490 1339 1766 1407; x_wconf 89' lang='lat' dir='ltr'>publicam</span> <span class='ocrx_word' id='word_1_115' title='bbox 1809 1357 1926 1407; x_wconf 91' lang='lat' dir='ltr'>per-</span> 
     </span>
     <span class='ocr_line' id='line_1_14' title="bbox 182 1430 1925 1497; baseline 0.001 -17"><span class='ocrx_word' id='word_1_116' title='bbox 182 1430 325 1481; x_wconf 91' lang='lat' dir='ltr'>tinet</span> <span class='ocrx_word' id='word_1_117' title='bbox 375 1448 478 1491; x_wconf 92' lang='lat' dir='ltr'>me,</span> <span class='ocrx_word' id='word_1_118' title='bbox 521 1438 576 1481; x_wconf 90' lang='lat' dir='ltr'>et</span> <span class='ocrx_word' id='word_1_119' title='bbox 619 1430 770 1497; x_wconf 88' lang='lat' dir='ltr'>pacis</span> <span class='ocrx_word' id='word_1_120' title='bbox 820 1438 875 1482; x_wconf 90' lang='lat' dir='ltr'>et</span> <span class='ocrx_word' id='word_1_121' title='bbox 929 1431 1217 1497; x_wconf 90' lang='lat' dir='ltr'>utriusque</span> <span class='ocrx_word' id='word_1_122' title='bbox 1264 1438 1511 1482; x_wconf 86' lang='lat' dir='ltr'>vestrum</span> <span class='ocrx_word' id='word_1_123' title='bbox 1560 1431 1811 1491; x_wconf 90' lang='lat' dir='ltr'>amicum,</span> <span class='ocrx_word' id='word_1_124' title='bbox 1857 1432 1925 1482; x_wconf 92' lang='lat' dir='ltr'>ad</span> 
     </span>
     <span class='ocr_line' id='line_1_15' title="bbox 182 1521 1926 1588; baseline 0.001 -17"><span class='ocrx_word' id='word_1_125' title='bbox 182 1528 423 1572; x_wconf 90' lang='lat' dir='ltr'>vestram</span> <span class='ocrx_word' id='word_1_126' title='bbox 455 1529 510 1572; x_wconf 92' lang='lat' dir='ltr'>et</span> <span class='ocrx_word' id='word_1_127' title='bbox 546 1523 613 1572; x_wconf 89' lang='lat' dir='ltr'>ad</span> <span class='ocrx_word' id='word_1_128' title='bbox 657 1521 857 1572; x_wconf 84' lang='lat' dir='ltr'>civium</span> <span class='ocrx_word' id='word_1_129' title='bbox 897 1522 1247 1573; x_wconf 87' lang='lat' dir='ltr'>concordiam</span> <span class='ocrx_word' id='word_1_130' title='bbox 1291 1538 1388 1588; x_wconf 92' lang='lat' dir='ltr'>per</span> <span class='ocrx_word' id='word_1_131' title='bbox 1429 1529 1486 1572; x_wconf 92' lang='lat' dir='ltr'>te</span> <span class='ocrx_word' id='word_1_132' title='bbox 1514 1538 1675 1588; x_wconf 90' lang='lat' dir='ltr'>quam</span> <span class='ocrx_word' id='word_1_133' title='bbox 1717 1538 1926 1573; x_wconf 91' lang='lat' dir='ltr'>accom-</span> 
     </span>
     <span class='ocr_line' id='line_1_16' title="bbox 1125 1611 1926 1678; baseline 0.001 -16"><span class='ocrx_word' id='word_1_134' title='bbox 1125 1612 1263 1678; x_wconf 80' lang='lat' dir='ltr'>EgO,</span> <span class='ocrx_word' id='word_1_135' title='bbox 1309 1629 1432 1663; x_wconf 94' lang='lat' dir='ltr'>cum</span> <span class='ocrx_word' id='word_1_136' title='bbox 1489 1619 1655 1662; x_wconf 92' lang='lat' dir='ltr'>antea</span> <span class='ocrx_word' id='word_1_137' title='bbox 1708 1611 1810 1663; x_wconf 90' lang='lat' dir='ltr'>tibi</span> <span class='ocrx_word' id='word_1_138' title='bbox 1858 1612 1926 1663; x_wconf 93' lang='lat' dir='ltr'>de</span> 
     </span>
     <span class='ocr_line' id='line_1_17' title="bbox 187 1700 1922 1769; baseline 0 -17"><span class='ocrx_word' id='word_1_139' title='bbox 187 1702 429 1753; x_wconf 86' lang='lat' dir='ltr'>Lentulo</span> <span class='ocrx_word' id='word_1_140' title='bbox 460 1702 665 1769; x_wconf 88' lang='lat' dir='ltr'>gratias</span> <span class='ocrx_word' id='word_1_141' title='bbox 697 1701 954 1769; x_wconf 90' lang='lat' dir='ltr'>egissem,</span> <span class='ocrx_word' id='word_1_142' title='bbox 988 1719 1110 1753; x_wconf 91' lang='lat' dir='ltr'>cum</span> <span class='ocrx_word' id='word_1_143' title='bbox 1141 1702 1190 1752; x_wconf 95' lang='lat' dir='ltr'>ei</span> <span class='ocrx_word' id='word_1_144' title='bbox 1221 1701 1400 1763; x_wconf 91' lang='lat' dir='ltr'>saluti,</span> <span class='ocrx_word' id='word_1_145' title='bbox 1432 1702 1524 1769; x_wconf 90' lang='lat' dir='ltr'>qui</span> <span class='ocrx_word' id='word_1_146' title='bbox 1555 1701 1689 1752; x_wconf 90' lang='lat' dir='ltr'>mihi</span> <span class='ocrx_word' id='word_1_147' title='bbox 1722 1700 1922 1764; x_wconf 77' lang='lat' dir='ltr'>fuerat,</span> 
     </span>
     <span class='ocr_line' id='line_1_18' title="bbox 182 1791 1924 1859; baseline 0 -17"><span class='ocrx_word' id='word_1_148' title='bbox 182 1792 403 1853; x_wconf 82' lang='lat' dir='ltr'>fuisses,</span> <span class='ocrx_word' id='word_1_149' title='bbox 437 1800 554 1843; x_wconf 89' lang='lat' dir='ltr'>tum</span> <span class='ocrx_word' id='word_1_150' title='bbox 584 1792 744 1843; x_wconf 91' lang='lat' dir='ltr'>lectis</span> <span class='ocrx_word' id='word_1_151' title='bbox 787 1792 905 1843; x_wconf 89' lang='lat' dir='ltr'>eius</span> <span class='ocrx_word' id='word_1_152' title='bbox 947 1791 1150 1843; x_wconf 90' lang='lat' dir='ltr'>litteris</span> <span class='ocrx_word' id='word_1_153' title='bbox 1192 1809 1326 1858; x_wconf 91' lang='lat' dir='ltr'>quas</span> <span class='ocrx_word' id='word_1_154' title='bbox 1368 1793 1435 1843; x_wconf 92' lang='lat' dir='ltr'>ad</span> <span class='ocrx_word' id='word_1_155' title='bbox 1477 1808 1566 1843; x_wconf 92' lang='lat' dir='ltr'>me</span> <span class='ocrx_word' id='word_1_156' title='bbox 1606 1792 1924 1859; x_wconf 90' lang='lat' dir='ltr'>gratissimo</span> 
     </span>
     <span class='ocr_line' id='line_1_19' title="bbox 184 1882 1923 1949; baseline 0.001 -17"><span class='ocrx_word' id='word_1_157' title='bbox 184 1882 368 1933; x_wconf 89' lang='lat' dir='ltr'>animo</span> <span class='ocrx_word' id='word_1_158' title='bbox 414 1883 481 1933; x_wconf 95' lang='lat' dir='ltr'>de</span> <span class='ocrx_word' id='word_1_159' title='bbox 529 1891 626 1933; x_wconf 89' lang='lat' dir='ltr'>tua</span> <span class='ocrx_word' id='word_1_160' title='bbox 673 1882 1003 1933; x_wconf 83' lang='lat' dir='ltr'>liberalitate</span> <span class='ocrx_word' id='word_1_161' title='bbox 1049 1882 1431 1949; x_wconf 87' lang='lat' dir='ltr'>beneficioque</span> <span class='ocrx_word' id='word_1_162' title='bbox 1479 1882 1645 1944; x_wconf 89' lang='lat' dir='ltr'>misit,</span> <span class='ocrx_word' id='word_1_163' title='bbox 1691 1883 1923 1934; x_wconf 91' lang='lat' dir='ltr'>eandem</span> 
     </span>
     <span class='ocr_line' id='line_1_20' title="bbox 184 1960 1923 2040; baseline 0 -17"><span class='ocrx_word' id='word_1_164' title='bbox 184 1989 272 2023; x_wconf 93' lang='lat' dir='ltr'>me</span> <span class='ocrx_word' id='word_1_165' title='bbox 309 1972 543 2023; x_wconf 91' lang='lat' dir='ltr'>salutem</span> <span class='ocrx_word' id='word_1_166' title='bbox 586 1990 618 2023; x_wconf 91' lang='lat' dir='ltr'>a</span> <span class='ocrx_word' id='word_1_167' title='bbox 657 1980 714 2023; x_wconf 94' lang='lat' dir='ltr'>te</span> <span class='ocrx_word' id='word_1_168' title='bbox 756 1972 1040 2039; x_wconf 91' lang='lat' dir='ltr'>accepisse</span> <span class='ocrx_word' id='word_1_169' title='bbox 1083 1960 1271 2039; x_wconf 85' lang='lat' dir='ltr'>putavi</span> <span class='ocrx_word' id='word_1_170' title='bbox 1300 1990 1462 2040; x_wconf 91' lang='lat' dir='ltr'>quam</span> <span class='ocrx_word' id='word_1_171' title='bbox 1506 1972 1622 2036; x_wconf 89' lang='lat' dir='ltr'>ille;</span> <span class='ocrx_word' id='word_1_172' title='bbox 1664 1972 1719 2023; x_wconf 93' lang='lat' dir='ltr'>in</span> <span class='ocrx_word' id='word_1_173' title='bbox 1761 1990 1923 2040; x_wconf 90' lang='lat' dir='ltr'>quem</span> 
     </span>
     <span class='ocr_line' id='line_1_21' title="bbox 186 2062 1922 2129; baseline 0.001 -17"><span class='ocrx_word' id='word_1_174' title='bbox 186 2062 231 2113; x_wconf 90' lang='lat' dir='ltr'>si</span> <span class='ocrx_word' id='word_1_175' title='bbox 260 2079 348 2113; x_wconf 92' lang='lat' dir='ltr'>me</span> <span class='ocrx_word' id='word_1_176' title='bbox 378 2062 659 2129; x_wconf 89' lang='lat' dir='ltr'>intellegis</span> <span class='ocrx_word' id='word_1_177' title='bbox 690 2079 813 2113; x_wconf 91' lang='lat' dir='ltr'>esse</span> <span class='ocrx_word' id='word_1_178' title='bbox 843 2070 1077 2129; x_wconf 90' lang='lat' dir='ltr'>gratum,</span> <span class='ocrx_word' id='word_1_179' title='bbox 1111 2079 1255 2123; x_wconf 91' lang='lat' dir='ltr'>cura,</span> <span class='ocrx_word' id='word_1_180' title='bbox 1288 2063 1535 2124; x_wconf 90' lang='lat' dir='ltr'>obsecro,</span> <span class='ocrx_word' id='word_1_181' title='bbox 1567 2070 1627 2113; x_wconf 95' lang='lat' dir='ltr'>ut</span> <span class='ocrx_word' id='word_1_182' title='bbox 1663 2062 1826 2113; x_wconf 89' lang='lat' dir='ltr'>etiam</span> <span class='ocrx_word' id='word_1_183' title='bbox 1868 2063 1922 2113; x_wconf 93' lang='lat' dir='ltr'>in</span> 
     </span>
    </p>
   </div>
   <div class='ocr_carea' id='block_1_3' title="bbox 184 1612 1012 1663">
    <p class='ocr_par' dir='ltr' id='par_1_3' title="bbox 184 1612 1012 1663">
     <span class='ocr_line' id='line_1_22' title="bbox 184 1612 1012 1663; baseline 0.001 -1"><span class='ocrx_word' id='word_1_184' title='bbox 184 1612 626 1662; x_wconf 90' lang='lat' dir='ltr'>modatissimum</span> <span class='ocrx_word' id='word_1_185' title='bbox 684 1612 1012 1663; x_wconf 87' lang='lat' dir='ltr'>conservari.</span> 
     </span>
    </p>
   </div>
   <div class='ocr_carea' id='block_1_4' title="bbox 187 2153 916 2219">
    <p class='ocr_par' dir='ltr' id='par_1_4' title="bbox 187 2153 916 2219">
     <span class='ocr_line' id='line_1_23' title="bbox 187 2153 916 2219; baseline 0.001 -16"><span class='ocrx_word' id='word_1_186' title='bbox 187 2153 506 2219; x_wconf 90' lang='lat' dir='ltr'>Pompeium</span> <span class='ocrx_word' id='word_1_187' title='bbox 538 2170 662 2203; x_wconf 91' lang='lat' dir='ltr'>esse</span> <span class='ocrx_word' id='word_1_188' title='bbox 692 2153 916 2219; x_wconf 92' lang='lat' dir='ltr'>possim.</span> 
     </span>
    </p>
   </div>
   <div class='ocr_carea' id='block_1_5' title="bbox 184 2283 1011 3096">
    <p class='ocr_par' dir='ltr' id='par_1_5' title="bbox 184 2283 1011 2433">
     <span class='ocr_line' id='line_1_24' title="bbox 184 2283 1011 2334; baseline -0.001 -12"><span class='ocrx_word' id='word_1_189' title='bbox 184 2283 436 2334; x_wconf 92' lang='lat' dir='ltr'>consulship</span> <span class='ocrx_word' id='word_1_190' title='bbox 459 2284 582 2322; x_wconf 92' lang='lat' dir='ltr'>while</span> <span class='ocrx_word' id='word_1_191' title='bbox 612 2283 765 2322; x_wconf 84' lang='lat' dir='ltr'>absent</span> <span class='ocrx_word' id='word_1_192' title='bbox 795 2283 906 2322; x_wconf 85' lang='lat' dir='ltr'>from</span> <span class='ocrx_word' id='word_1_193' title='bbox 939 2283 1011 2322; x_wconf 88' lang='lat' dir='ltr'>the</span> 
     </span>
     <span class='ocr_line' id='line_1_25' title="bbox 185 2339 1010 2392; baseline 0 -14"><span class='ocrx_word' id='word_1_194' title='bbox 185 2340 281 2392; x_wconf 91' lang='lat' dir='ltr'>city.</span> <span class='ocrx_word' id='word_1_195' title='bbox 343 2339 410 2377; x_wconf 85' lang='lat' dir='ltr'>Cf.</span> <span class='ocrx_word' id='word_1_196' title='bbox 445 2340 523 2390; x_wconf 87' lang='lat' dir='ltr'>Ep.</span> <span class='ocrx_word' id='word_1_197' title='bbox 549 2340 694 2378; x_wconf 88' lang='lat' dir='ltr'><strong>XLII.</strong></span> <span class='ocrx_word' id='word_1_198' title='bbox 716 2339 872 2378; x_wconf 90' lang='lat' dir='ltr'>introd.</span> <span class='ocrx_word' id='word_1_199' title='bbox 895 2346 1010 2385; x_wconf 89' lang='lat' dir='ltr'>note,</span> 
     </span>
     <span class='ocr_line' id='line_1_26' title="bbox 185 2394 485 2433; baseline 0.003 -1"><span class='ocrx_word' id='word_1_200' title='bbox 185 2394 270 2433; x_wconf 89' lang='lat' dir='ltr'>and</span> <span class='ocrx_word' id='word_1_201' title='bbox 294 2395 396 2433; x_wconf 88' lang='lat' dir='ltr'>Intr.</span> <span class='ocrx_word' id='word_1_202' title='bbox 423 2395 485 2433; x_wconf 86' lang='lat'>26.</span> 
     </span>
    </p>

    <p class='ocr_par' dir='ltr' id='par_1_6' title="bbox 184 2450 1011 3096">
     <span class='ocr_line' id='line_1_27' title="bbox 241 2450 1009 2502; baseline 0.001 -15"><span class='ocrx_word' id='word_1_203' title='bbox 241 2462 277 2502; x_wconf 87' lang='lat'>3.</span> <span class='ocrx_word' id='word_1_204' title='bbox 301 2451 478 2501; x_wconf 88' lang='lat' dir='ltr'>aliquid</span> <span class='ocrx_word' id='word_1_205' title='bbox 497 2451 744 2501; x_wconf 85' lang='lat' dir='ltr'>impertias</span> <span class='ocrx_word' id='word_1_206' title='bbox 760 2450 1009 2502; x_wconf 88' lang='lat' dir='ltr'>temporis:</span> 
     </span>
     <span class='ocr_line' id='line_1_28' title="bbox 184 2505 1011 2544; baseline 0 0"><span class='ocrx_word' id='word_1_207' title='bbox 184 2505 253 2544; x_wconf 83' lang='lat' dir='ltr'>sor</span> <span class='ocrx_word' id='word_1_208' title='bbox 293 2506 483 2544; x_wconf 86' lang='lat' dir='ltr'>Cicero&#39;s</span> <span class='ocrx_word' id='word_1_209' title='bbox 529 2513 769 2544; x_wconf 91' lang='lat' dir='ltr'>comments</span> <span class='ocrx_word' id='word_1_210' title='bbox 819 2519 875 2544; x_wconf 92' lang='lat' dir='ltr'>on</span> <span class='ocrx_word' id='word_1_211' title='bbox 925 2506 1011 2544; x_wconf 92' lang='lat' dir='ltr'>this</span> 
     </span>
     <span class='ocr_line' id='line_1_29' title="bbox 185 2561 1010 2611; baseline 0.001 -12"><span class='ocrx_word' id='word_1_212' title='bbox 185 2561 353 2611; x_wconf 86' lang='lat' dir='ltr'>phrase,</span> <span class='ocrx_word' id='word_1_213' title='bbox 395 2574 466 2599; x_wconf 91' lang='lat' dir='ltr'>see</span> <span class='ocrx_word' id='word_1_214' title='bbox 507 2563 591 2599; x_wconf 84' lang='lat' dir='ltr'><em>Att.</em></span> <span class='ocrx_word' id='word_1_215' title='bbox 633 2561 671 2599; x_wconf 84' lang='lat'>8.</span> <span class='ocrx_word' id='word_1_216' title='bbox 715 2573 750 2611; x_wconf 86' lang='lat'>9.</span> <span class='ocrx_word' id='word_1_217' title='bbox 797 2568 1010 2600; x_wconf 90' lang='lat' dir='ltr'>1.—tuo</span> 
     </span>
     <span class='ocr_line' id='line_1_30' title="bbox 185 2616 1007 2666; baseline -0.004 -10"><span class='ocrx_word' id='word_1_218' title='bbox 185 2617 447 2656; x_wconf 88' lang='lat' dir='ltr'>beneficio:</span> <span class='ocrx_word' id='word_1_219' title='bbox 477 2631 527 2654; x_wconf 87' lang='lat' dir='ltr'>sc.</span> <span class='ocrx_word' id='word_1_220' title='bbox 550 2617 591 2654; x_wconf 93' lang='lat' dir='ltr'>in</span> <span class='ocrx_word' id='word_1_221' title='bbox 619 2622 694 2654; x_wconf 90' lang='lat' dir='ltr'>not</span> <span class='ocrx_word' id='word_1_222' title='bbox 724 2616 891 2666; x_wconf 81' lang='lat' dir='ltr'>forcing</span> <span class='ocrx_word' id='word_1_223' title='bbox 920 2616 1007 2654; x_wconf 90' lang='lat' dir='ltr'>him</span> 
     </span>
     <span class='ocr_line' id='line_1_31' title="bbox 186 2671 1007 2723; baseline 0 -14"><span class='ocrx_word' id='word_1_224' title='bbox 186 2678 231 2710; x_wconf 94' lang='lat' dir='ltr'>to</span> <span class='ocrx_word' id='word_1_225' title='bbox 252 2672 348 2721; x_wconf 87' lang='lat' dir='ltr'>give</span> <span class='ocrx_word' id='word_1_226' title='bbox 373 2685 427 2722; x_wconf 91' lang='lat' dir='ltr'>up</span> <span class='ocrx_word' id='word_1_227' title='bbox 449 2672 514 2710; x_wconf 90' lang='lat' dir='ltr'>his</span> <span class='ocrx_word' id='word_1_228' title='bbox 536 2672 777 2723; x_wconf 86' lang='lat' dir='ltr'>neutrality‚</span> <span class='ocrx_word' id='word_1_229' title='bbox 802 2671 886 2710; x_wconf 88' lang='lat' dir='ltr'>and</span> <span class='ocrx_word' id='word_1_230' title='bbox 908 2671 1007 2710; x_wconf 91' lang='lat' dir='ltr'>thus</span> 
     </span>
     <span class='ocr_line' id='line_1_32' title="bbox 184 2727 1008 2778; baseline -0.001 -13"><span class='ocrx_word' id='word_1_231' title='bbox 184 2727 328 2777; x_wconf 87' lang='lat' dir='ltr'>losing</span> <span class='ocrx_word' id='word_1_232' title='bbox 352 2740 377 2765; x_wconf 87' lang='lat' dir='ltr'>a</span> <span class='ocrx_word' id='word_1_233' title='bbox 404 2727 565 2765; x_wconf 90' lang='lat' dir='ltr'>chance</span> <span class='ocrx_word' id='word_1_234' title='bbox 597 2734 641 2765; x_wconf 90' lang='lat' dir='ltr'>to</span> <span class='ocrx_word' id='word_1_235' title='bbox 674 2727 772 2777; x_wconf 90' lang='lat' dir='ltr'>help</span> <span class='ocrx_word' id='word_1_236' title='bbox 807 2728 1008 2778; x_wconf 87' lang='lat' dir='ltr'>Pompey.</span> 
     </span>
     <span class='ocr_line' id='line_1_33' title="bbox 184 2782 1009 2833; baseline -0.001 -12"><span class='ocrx_word' id='word_1_237' title='bbox 184 2783 387 2833; x_wconf 89' lang='lat' dir='ltr'>—pius:</span> <span class='ocrx_word' id='word_1_238' title='bbox 427 2796 478 2820; x_wconf 85' lang='lat' dir='ltr'>sc.</span> <span class='ocrx_word' id='word_1_239' title='bbox 511 2783 551 2820; x_wconf 93' lang='lat' dir='ltr'>in</span> <span class='ocrx_word' id='word_1_240' title='bbox 584 2782 896 2832; x_wconf 89' lang='lat' dir='ltr'>remembering</span> <span class='ocrx_word' id='word_1_241' title='bbox 937 2782 1009 2820; x_wconf 90' lang='lat' dir='ltr'>the</span> 
     </span>
     <span class='ocr_line' id='line_1_34' title="bbox 185 2836 1008 2889; baseline -0.001 -14"><span class='ocrx_word' id='word_1_242' title='bbox 185 2837 289 2889; x_wconf 90' lang='lat' dir='ltr'>duty</span> <span class='ocrx_word' id='word_1_243' title='bbox 319 2837 372 2875; x_wconf 94' lang='lat' dir='ltr'>he</span> <span class='ocrx_word' id='word_1_244' title='bbox 409 2837 530 2876; x_wconf 90' lang='lat' dir='ltr'>owed</span> <span class='ocrx_word' id='word_1_245' title='bbox 570 2844 615 2875; x_wconf 91' lang='lat' dir='ltr'>to</span> <span class='ocrx_word' id='word_1_246' title='bbox 656 2837 722 2876; x_wconf 88' lang='lat' dir='ltr'>his</span> <span class='ocrx_word' id='word_1_247' title='bbox 762 2836 835 2875; x_wconf 93' lang='lat' dir='ltr'>old</span> <span class='ocrx_word' id='word_1_248' title='bbox 869 2836 1008 2875; x_wconf 87' lang='lat' dir='ltr'>friend</span> 
     </span>
     <span class='ocr_line' id='line_1_35' title="bbox 190 2892 1009 2944; baseline 0 -14"><span class='ocrx_word' id='word_1_249' title='bbox 190 2894 388 2944; x_wconf 85' lang='lat' dir='ltr'>Pompey.</span> <span class='ocrx_word' id='word_1_250' title='bbox 407 2917 460 2921; x_wconf 95' lang='lat'><strong>—</strong></span> <span class='ocrx_word' id='word_1_251' title='bbox 477 2893 534 2931; x_wconf 90' lang='lat' dir='ltr'>ad</span> <span class='ocrx_word' id='word_1_252' title='bbox 556 2899 688 2932; x_wconf 87' lang='lat' dir='ltr'>tuam</span> <span class='ocrx_word' id='word_1_253' title='bbox 711 2893 853 2931; x_wconf 88' lang='lat' dir='ltr'>fidem</span> <span class='ocrx_word' id='word_1_254' title='bbox 872 2907 880 2930; x_wconf 77' lang='lat' dir='ltr'><em>z</em></span> <span class='ocrx_word' id='word_1_255' title='bbox 905 2892 1009 2930; x_wconf 90' lang='lat' dir='ltr'>Cae-</span> 
     </span>
     <span class='ocr_line' id='line_1_36' title="bbox 184 2947 1008 3000; baseline 0 -15"><span class='ocrx_word' id='word_1_256' title='bbox 184 2960 253 2985; x_wconf 84' lang='lat' dir='ltr'>sar</span> <span class='ocrx_word' id='word_1_257' title='bbox 292 2947 475 3000; x_wconf 87' lang='lat' dir='ltr'>steadily</span> <span class='ocrx_word' id='word_1_258' title='bbox 515 2947 778 2986; x_wconf 88' lang='lat' dir='ltr'>maintained</span> <span class='ocrx_word' id='word_1_259' title='bbox 821 2948 914 2986; x_wconf 88' lang='lat' dir='ltr'>that</span> <span class='ocrx_word' id='word_1_260' title='bbox 955 2948 1008 2985; x_wconf 92' lang='lat' dir='ltr'>he</span> 
     </span>
     <span class='ocr_line' id='line_1_37' title="bbox 184 3002 1008 3054; baseline 0 -14"><span class='ocrx_word' id='word_1_261' title='bbox 184 3002 352 3041; x_wconf 89' lang='lat' dir='ltr'>desired</span> <span class='ocrx_word' id='word_1_262' title='bbox 383 3016 525 3053; x_wconf 90' lang='lat' dir='ltr'>peace.</span> <span class='ocrx_word' id='word_1_263' title='bbox 545 3015 695 3054; x_wconf 90' lang='lat' dir='ltr'>—per</span> <span class='ocrx_word' id='word_1_264' title='bbox 722 3010 768 3041; x_wconf 90' lang='lat' dir='ltr'>te</span> <span class='ocrx_word' id='word_1_265' title='bbox 792 3033 799 3039; x_wconf 89' lang='lat'><em>.</em></span> <span class='ocrx_word' id='word_1_266' title='bbox 825 3032 833 3040; x_wconf 93' lang='lat'>.</span> <span class='ocrx_word' id='word_1_267' title='bbox 861 3032 870 3040; x_wconf 94' lang='lat'><strong>.</strong></span> <span class='ocrx_word' id='word_1_268' title='bbox 894 3014 1008 3041; x_wconf 92' lang='lat' dir='ltr'>con-</span> 
     </span>
     <span class='ocr_line' id='line_1_38' title="bbox 185 3057 1009 3096; baseline -0.001 0"><span class='ocrx_word' id='word_1_269' title='bbox 185 3059 389 3096; x_wconf 87' lang='lat' dir='ltr'>servari:</span> <span class='ocrx_word' id='word_1_270' title='bbox 426 3060 486 3096; x_wconf 81' lang='lat' dir='ltr'>i.e.</span> <span class='ocrx_word' id='word_1_271' title='bbox 520 3058 613 3096; x_wconf 85' lang='lat' dir='ltr'>that</span> <span class='ocrx_word' id='word_1_272' title='bbox 657 3059 675 3095; x_wconf 95' lang='lat' dir='ltr'>I</span> <span class='ocrx_word' id='word_1_273' title='bbox 713 3057 766 3096; x_wconf 91' lang='lat' dir='ltr'>be</span> <span class='ocrx_word' id='word_1_274' title='bbox 801 3064 876 3095; x_wconf 90' lang='lat' dir='ltr'>not</span> <span class='ocrx_word' id='word_1_275' title='bbox 913 3071 1009 3096; x_wconf 93' lang='lat' dir='ltr'>con-</span> 
     </span>
    </p>
   </div>
   <div class='ocr_carea' id='block_1_6' title="bbox 1096 2282 1923 2998">
    <p class='ocr_par' dir='ltr' id='par_1_7' title="bbox 1096 2282 1923 2998">
     <span class='ocr_line' id='line_1_39' title="bbox 1098 2282 1923 2335; baseline 0 -13"><span class='ocrx_word' id='word_1_276' title='bbox 1098 2282 1291 2322; x_wconf 90' lang='lat' dir='ltr'>strained</span> <span class='ocrx_word' id='word_1_277' title='bbox 1325 2290 1371 2322; x_wconf 93' lang='lat' dir='ltr'>to</span> <span class='ocrx_word' id='word_1_278' title='bbox 1403 2295 1562 2335; x_wconf 88' lang='lat' dir='ltr'>appear</span> <span class='ocrx_word' id='word_1_279' title='bbox 1592 2289 1636 2322; x_wconf 91' lang='lat' dir='ltr'>at</span> <span class='ocrx_word' id='word_1_280' title='bbox 1669 2284 1807 2322; x_wconf 90' lang='lat' dir='ltr'>Rome</span> <span class='ocrx_word' id='word_1_281' title='bbox 1837 2282 1923 2322; x_wconf 92' lang='lat' dir='ltr'>and</span> 
     </span>
     <span class='ocr_line' id='line_1_40' title="bbox 1099 2338 1922 2391; baseline 0.001 -14"><span class='ocrx_word' id='word_1_282' title='bbox 1099 2339 1199 2378; x_wconf 91' lang='lat' dir='ltr'>thus</span> <span class='ocrx_word' id='word_1_283' title='bbox 1220 2340 1311 2378; x_wconf 91' lang='lat' dir='ltr'>lose</span> <span class='ocrx_word' id='word_1_284' title='bbox 1333 2352 1403 2391; x_wconf 91' lang='lat' dir='ltr'>my</span> <span class='ocrx_word' id='word_1_285' title='bbox 1424 2339 1593 2378; x_wconf 88' lang='lat' dir='ltr'>neutral</span> <span class='ocrx_word' id='word_1_286' title='bbox 1613 2339 1819 2390; x_wconf 89' lang='lat' dir='ltr'>position,</span> <span class='ocrx_word' id='word_1_287' title='bbox 1837 2338 1922 2378; x_wconf 90' lang='lat' dir='ltr'>and</span> 
     </span>
     <span class='ocr_line' id='line_1_41' title="bbox 1098 2395 1923 2447; baseline 0.001 -15"><span class='ocrx_word' id='word_1_288' title='bbox 1098 2395 1198 2433; x_wconf 91' lang='lat' dir='ltr'>with</span> <span class='ocrx_word' id='word_1_289' title='bbox 1215 2395 1248 2433; x_wconf 91' lang='lat' dir='ltr'>it</span> <span class='ocrx_word' id='word_1_290' title='bbox 1266 2407 1335 2446; x_wconf 91' lang='lat' dir='ltr'>my</span> <span class='ocrx_word' id='word_1_291' title='bbox 1349 2395 1496 2447; x_wconf 91' lang='lat' dir='ltr'>ability</span> <span class='ocrx_word' id='word_1_292' title='bbox 1510 2401 1555 2433; x_wconf 93' lang='lat' dir='ltr'>to</span> <span class='ocrx_word' id='word_1_293' title='bbox 1572 2407 1721 2434; x_wconf 89' lang='lat' dir='ltr'>secure</span> <span class='ocrx_word' id='word_1_294' title='bbox 1737 2407 1763 2433; x_wconf 90' lang='lat' dir='ltr'>a</span> <span class='ocrx_word' id='word_1_295' title='bbox 1777 2407 1923 2446; x_wconf 90' lang='lat' dir='ltr'>peace-</span> 
     </span>
     <span class='ocr_line' id='line_1_42' title="bbox 1096 2449 1922 2501; baseline 0 -13"><span class='ocrx_word' id='word_1_296' title='bbox 1096 2449 1159 2488; x_wconf 85' lang='lat' dir='ltr'>ful</span> <span class='ocrx_word' id='word_1_297' title='bbox 1191 2451 1380 2489; x_wconf 92' lang='lat' dir='ltr'>solution</span> <span class='ocrx_word' id='word_1_298' title='bbox 1417 2450 1465 2488; x_wconf 88' lang='lat' dir='ltr'>of</span> <span class='ocrx_word' id='word_1_299' title='bbox 1505 2449 1577 2488; x_wconf 84' lang='lat' dir='ltr'>the</span> <span class='ocrx_word' id='word_1_300' title='bbox 1615 2457 1789 2501; x_wconf 90' lang='lat' dir='ltr'>present</span> <span class='ocrx_word' id='word_1_301' title='bbox 1821 2449 1922 2488; x_wconf 83' lang='lat' dir='ltr'>diffi-</span> 
     </span>
     <span class='ocr_line' id='line_1_43' title="bbox 1098 2504 1921 2558; baseline -0.001 -14"><span class='ocrx_word' id='word_1_302' title='bbox 1098 2506 1368 2558; x_wconf 71' lang='lat' dir='ltr'>culty—de</span> <span class='ocrx_word' id='word_1_303' title='bbox 1395 2505 1618 2545; x_wconf 89' lang='lat' dir='ltr'>Lentulo:</span> <span class='ocrx_word' id='word_1_304' title='bbox 1651 2505 1805 2544; x_wconf 90' lang='lat' dir='ltr'>Cicero</span> <span class='ocrx_word' id='word_1_305' title='bbox 1836 2504 1921 2543; x_wconf 92' lang='lat' dir='ltr'>had</span> 
     </span>
     <span class='ocr_line' id='line_1_44' title="bbox 1098 2560 1923 2611; baseline 0.001 -13"><span class='ocrx_word' id='word_1_306' title='bbox 1098 2560 1289 2599; x_wconf 90' lang='lat' dir='ltr'>thanked</span> <span class='ocrx_word' id='word_1_307' title='bbox 1312 2560 1473 2599; x_wconf 91' lang='lat' dir='ltr'>Caesar</span> <span class='ocrx_word' id='word_1_308' title='bbox 1492 2560 1535 2598; x_wconf 92' lang='lat' dir='ltr'>in</span> <span class='ocrx_word' id='word_1_309' title='bbox 1563 2573 1589 2599; x_wconf 95' lang='lat' dir='ltr'>a</span> <span class='ocrx_word' id='word_1_310' title='bbox 1618 2561 1819 2611; x_wconf 90' lang='lat' dir='ltr'>previous</span> <span class='ocrx_word' id='word_1_311' title='bbox 1849 2561 1923 2599; x_wconf 87' lang='lat' dir='ltr'>let-</span> 
     </span>
     <span class='ocr_line' id='line_1_45' title="bbox 1097 2615 1922 2668; baseline -0.001 -14"><span class='ocrx_word' id='word_1_312' title='bbox 1097 2622 1161 2654; x_wconf 88' lang='lat' dir='ltr'>ter</span> <span class='ocrx_word' id='word_1_313' title='bbox 1187 2616 1256 2654; x_wconf 87' lang='lat' dir='ltr'>for</span> <span class='ocrx_word' id='word_1_314' title='bbox 1287 2616 1352 2654; x_wconf 91' lang='lat' dir='ltr'>his</span> <span class='ocrx_word' id='word_1_315' title='bbox 1382 2616 1626 2668; x_wconf 87' lang='lat' dir='ltr'>generosity</span> <span class='ocrx_word' id='word_1_316' title='bbox 1646 2616 1689 2654; x_wconf 91' lang='lat' dir='ltr'>in</span> <span class='ocrx_word' id='word_1_317' title='bbox 1721 2615 1922 2666; x_wconf 88' lang='lat' dir='ltr'>allowing</span> 
     </span>
     <span class='ocr_line' id='line_1_46' title="bbox 1098 2670 1920 2721; baseline 0 -12"><span class='ocrx_word' id='word_1_318' title='bbox 1098 2672 1306 2709; x_wconf 88' lang='lat' dir='ltr'>Lentulus</span> <span class='ocrx_word' id='word_1_319' title='bbox 1331 2671 1546 2721; x_wconf 89' lang='lat' dir='ltr'>Spinther,</span> <span class='ocrx_word' id='word_1_320' title='bbox 1568 2671 1665 2709; x_wconf 90' lang='lat' dir='ltr'>who</span> <span class='ocrx_word' id='word_1_321' title='bbox 1694 2670 1780 2709; x_wconf 90' lang='lat' dir='ltr'>had</span> <span class='ocrx_word' id='word_1_322' title='bbox 1810 2670 1920 2709; x_wconf 87' lang='lat' dir='ltr'>been</span> 
     </span>
     <span class='ocr_line' id='line_1_47' title="bbox 1096 2725 1920 2776; baseline -0.001 -12"><span class='ocrx_word' id='word_1_323' title='bbox 1096 2726 1301 2776; x_wconf 87' lang='lat' dir='ltr'>captured</span> <span class='ocrx_word' id='word_1_324' title='bbox 1322 2733 1366 2764; x_wconf 90' lang='lat' dir='ltr'>at</span> <span class='ocrx_word' id='word_1_325' title='bbox 1398 2725 1651 2771; x_wconf 90' lang='lat' dir='ltr'>Corfinium,</span> <span class='ocrx_word' id='word_1_326' title='bbox 1676 2732 1720 2764; x_wconf 94' lang='lat' dir='ltr'>to</span> <span class='ocrx_word' id='word_1_327' title='bbox 1741 2739 1797 2776; x_wconf 88' lang='lat' dir='ltr'>go</span> <span class='ocrx_word' id='word_1_328' title='bbox 1818 2725 1920 2764; x_wconf 87' lang='lat' dir='ltr'>free.</span> 
     </span>
     <span class='ocr_line' id='line_1_48' title="bbox 1098 2780 1917 2833; baseline -0.002 -14"><span class='ocrx_word' id='word_1_329' title='bbox 1098 2782 1183 2820; x_wconf 87' lang='lat' dir='ltr'>For</span> <span class='ocrx_word' id='word_1_330' title='bbox 1214 2781 1412 2820; x_wconf 86' lang='lat' dir='ltr'>Caesar’s</span> <span class='ocrx_word' id='word_1_331' title='bbox 1444 2781 1573 2833; x_wconf 86' lang='lat' dir='ltr'>reply,</span> <span class='ocrx_word' id='word_1_332' title='bbox 1605 2781 1658 2819; x_wconf 83' lang='lat' dir='ltr'>cf.</span> <span class='ocrx_word' id='word_1_333' title='bbox 1681 2782 1769 2819; x_wconf 85' lang='lat' dir='ltr'><em>Att.</em></span> <span class='ocrx_word' id='word_1_334' title='bbox 1792 2792 1829 2831; x_wconf 90' lang='lat'>9.</span> <span class='ocrx_word' id='word_1_335' title='bbox 1857 2780 1917 2819; x_wconf 91' lang='lat'>16.</span> 
     </span>
     <span class='ocr_line' id='line_1_49' title="bbox 1096 2836 1920 2875; baseline 0 -1"><span class='ocrx_word' id='word_1_336' title='bbox 1096 2838 1155 2874; x_wconf 92' lang='lat' dir='ltr'>At</span> <span class='ocrx_word' id='word_1_337' title='bbox 1206 2836 1290 2875; x_wconf 91' lang='lat' dir='ltr'>this</span> <span class='ocrx_word' id='word_1_338' title='bbox 1340 2836 1442 2875; x_wconf 89' lang='lat' dir='ltr'>time</span> <span class='ocrx_word' id='word_1_339' title='bbox 1493 2837 1703 2875; x_wconf 90' lang='lat' dir='ltr'>Lentulus</span> <span class='ocrx_word' id='word_1_340' title='bbox 1742 2848 1829 2875; x_wconf 87' lang='lat' dir='ltr'>was</span> <span class='ocrx_word' id='word_1_341' title='bbox 1877 2842 1920 2874; x_wconf 88' lang='lat' dir='ltr'>at</span> 
     </span>
     <span class='ocr_line' id='line_1_50' title="bbox 1098 2891 1918 2942; baseline -0.002 -12"><span class='ocrx_word' id='word_1_342' title='bbox 1098 2891 1527 2942; x_wconf 82' lang='lat' dir='ltr'>Puteoli;cf.Att.9.</span> <span class='ocrx_word' id='word_1_343' title='bbox 1552 2903 1612 2928; x_wconf 91' lang='lat'>11.</span> <span class='ocrx_word' id='word_1_344' title='bbox 1639 2903 1740 2929; x_wconf 81' lang='lat'>1.—</span> <span class='ocrx_word' id='word_1_345' title='bbox 1757 2891 1891 2941; x_wconf 90' lang='lat' dir='ltr'>qui..</span> <span class='ocrx_word' id='word_1_346' title='bbox 1908 2919 1918 2928; x_wconf 88' lang='lat'><strong>.</strong></span> 
     </span>
     <span class='ocr_line' id='line_1_51' title="bbox 1096 2947 1920 2998; baseline -0.002 -12"><span class='ocrx_word' id='word_1_347' title='bbox 1096 2947 1249 2986; x_wconf 86' lang='lat' dir='ltr'>fuerat</span> <span class='ocrx_word' id='word_1_348' title='bbox 1269 2962 1276 2983; x_wconf 75' lang='grc' dir='ltr'>ε</span> <span class='ocrx_word' id='word_1_349' title='bbox 1310 2948 1349 2984; x_wconf 91' lang='lat' dir='ltr'>in</span> <span class='ocrx_word' id='word_1_350' title='bbox 1370 2958 1414 2998; x_wconf 86' lang='lat'>57</span> <span class='ocrx_word' id='word_1_351' title='bbox 1438 2956 1516 2984; x_wconf 59' lang='lat' dir='ltr'>stc.</span> <span class='ocrx_word' id='word_1_352' title='bbox 1536 2947 1743 2984; x_wconf 88' lang='lat' dir='ltr'>Lentulus</span> <span class='ocrx_word' id='word_1_353' title='bbox 1761 2959 1807 2984; x_wconf 90' lang='lat' dir='ltr'>as</span> <span class='ocrx_word' id='word_1_354' title='bbox 1823 2958 1920 2984; x_wconf 92' lang='lat' dir='ltr'>con-</span> 
     </span>
    </p>
   </div>
   <div class='ocr_carea' id='block_1_7' title="bbox 1093 3001 1917 3107">
    <p class='ocr_par' dir='ltr' id='par_1_8' title="bbox 1093 3001 1917 3107">
     <span class='ocr_line' id='line_1_52' title="bbox 1094 3001 1917 3040; baseline -0.002 0"><span class='ocrx_word' id='word_1_355' title='bbox 1094 3003 1160 3040; x_wconf 90' lang='lat' dir='ltr'>sul</span> <span class='ocrx_word' id='word_1_356' title='bbox 1184 3001 1268 3040; x_wconf 91' lang='lat' dir='ltr'>had</span> <span class='ocrx_word' id='word_1_357' title='bbox 1291 3001 1463 3040; x_wconf 90' lang='lat' dir='ltr'>worked</span> <span class='ocrx_word' id='word_1_358' title='bbox 1491 3001 1559 3039; x_wconf 87' lang='lat' dir='ltr'>for</span> <span class='ocrx_word' id='word_1_359' title='bbox 1581 3001 1770 3040; x_wconf 89' lang='lat' dir='ltr'>Cicero’s</span> <span class='ocrx_word' id='word_1_360' title='bbox 1793 3002 1917 3039; x_wconf 91' lang='lat' dir='ltr'>recall</span> 
     </span>
     <span class='ocr_line' id='line_1_53' title="bbox 1093 3055 1897 3107; baseline -0.001 -13"><span class='ocrx_word' id='word_1_361' title='bbox 1093 3057 1206 3095; x_wconf 85' lang='lat' dir='ltr'>from</span> <span class='ocrx_word' id='word_1_362' title='bbox 1228 3056 1348 3096; x_wconf 87' lang='lat' dir='ltr'>exile.</span> <span class='ocrx_word' id='word_1_363' title='bbox 1410 3055 1476 3094; x_wconf 82' lang='lat' dir='ltr'>Cf.</span> <span class='ocrx_word' id='word_1_364' title='bbox 1500 3056 1591 3095; x_wconf 90' lang='lat' dir='ltr'>also</span> <span class='ocrx_word' id='word_1_365' title='bbox 1615 3057 1691 3107; x_wconf 89' lang='lat' dir='ltr'>Ep.</span> <span class='ocrx_word' id='word_1_366' title='bbox 1717 3056 1839 3094; x_wconf 92' lang='lat' dir='ltr'><strong>XIV.</strong></span> <span class='ocrx_word' id='word_1_367' title='bbox 1864 3068 1897 3093; x_wconf 85' lang='lat'>2.</span> 
     </span>
    </p>
   </div>
  </div>
 </body>
</html>
