2067 3332
272 139 353 178 260
844 136 1121 175 CICERO’S
1165 135 1455 175 LETTERS.
1796 134 1895 187 [Ep.
1921 135 2014 174 XC.

2061 0 2067 45 l

2063 39 2067 127 ,Ι

2065 131 2067 208 l

274 278 597 345 capedinem
630 276 910 328 scribendi
939 275 1156 353 fecisse,
1190 276 1287 326 sed
1322 274 1507 344 potius
1550 274 1831 336 laetabar;
1876 274 2016 326 fruc-
2066 294 2067 299 ¹

273 377 390 420 tum
448 368 593 418 enim
661 384 924 434 magnum
993 365 1351 416 humanitatis
1420 372 1549 415 tuae
1616 364 1894 431 capiebam
1951 381 2017 416 ex

274 459 491 510 silentio
521 466 766 508 mearum
795 457 1119 507 litterarum.
1197 455 1578 506 Vehementer
1606 454 1774 521 igitur
1801 455 2015 521 gaudeo

273 557 330 600 te
397 565 574 600 meam
637 547 758 617 sine
823 546 1168 597 dubitatione
1235 544 1516 612 accepisse
1584 544 2012 597 excusationem.

277 640 477 691 Gratos
526 638 626 689 tibi
680 644 1012 705 optatosque
1042 653 1165 687 esse
1207 635 1300 703 qui
1341 636 1409 686 de
1451 651 1540 685 me
1581 651 1830 685 rumores
1872 634 2017 686 adfe-

274 737 471 781 runtur
512 746 624 780 non
674 728 881 789 dubitO,
927 727 1001 777 mi
1049 725 1366 777 dulcissime
1415 724 1564 786 Tiro,
1609 725 2017 792 praestaboque

275 828 330 871 et
361 821 537 871 enitar
565 826 625 870 ut
655 819 712 869 in
741 818 856 869 dies
886 816 1060 884 magis
1090 816 1373 883 magisque
1403 816 1538 867 haec
1568 832 1804 866 nascens
1834 816 1902 866 de
1930 832 2017 866 me

273 911 585 978 duplicetur
626 909 824 977 opinio,
927 908 1130 976 Quare,
1177 907 1324 974 quod
1372 906 1645 973 polliceris
1694 913 1751 956 te
1800 905 2018 957 bucina-

274 1009 451 1052 torem
492 1001 613 1052 fore
655 999 1076 1050 existimationis
1118 1014 1289 1058 meae,
1331 997 1490 1047 firmo
1533 996 1585 1046 id
1629 996 2018 1063 constantique

274 1092 454 1142 animo
496 1091 664 1142 facias
706 1090 836 1141 licet
851 1107 863 1152 ;
904 1096 1123 1140 tantum
1164 1087 1310 1138 enim
1351 1086 1485 1137 mihi
1527 1085 1773 1137 dolorem
1816 1085 2017 1137 crucia-

274 1191 505 1249 tumque
560 1180 871 1232 attulerunt
922 1186 1102 1230 errata
1143 1178 1340 1229 aetatis
1384 1193 1539 1228 meae
1581 1183 1641 1227 ut
1684 1193 1796 1227 non
1839 1175 2016 1227 solum

274 1273 488 1323 animus
530 1289 562 1322 a
601 1270 781 1332 factis,
816 1271 913 1321 sed
955 1285 1116 1320 aures
1160 1285 1380 1336 quoque
1423 1285 1454 1319 a
1487 1267 2017 1329 commemoratione

274 1363 624 1414 abhorreant.
711 1361 881 1412 Cuius
923 1367 980 1410 te
1022 1358 1409 1410 sollicitudinis
1459 1365 1514 1409 et
1557 1356 1758 1408 doloris
1806 1357 2014 1423 partici-

275 1470 400 1520 pem
454 1452 627 1503 fuisse
682 1459 876 1502 notum
933 1449 1388 1517 exploratumque
1443 1455 1527 1499 est
1600 1447 1748 1508 mihi,
1808 1463 1911 1498 nec
1965 1447 2018 1497 id

275 1544 505 1605 mirum3
560 1534 686 1593 narn
730 1559 855 1592 cum
897 1541 1079 1591 omnia
1119 1556 1242 1591 mea
1283 1556 1448 1591 causa
1488 1538 1658 1589 velles
1713 1537 1844 1588 mihi
1898 1554 2016 1589 suc-

278 1651 447 1695 cessa,
479 1641 597 1684 tum
628 1633 791 1683 etiam
820 1639 917 1683 tua
942 1649 953 1694 3
996 1631 1206 1683 socium
1237 1630 1382 1681 enim
1411 1637 1469 1680 te
1496 1645 1744 1680 meorum
1783 1644 2017 1679 commo-

280 1780 360 1818 See
382 1779 475 1818 also
491 1779 597 1817 Intr.
615 1777 679 1831 96.
693 1779 1074 1817 —vehementer
1094 1791 1102 1814 z

277 1835 330 1874 cf.
355 1835 460 1873 Intr.
483 1846 550 1886 90.

335 1903 370 1929 2.
431 1896 594 1942 gratos
667 1895 980 1940 optatosque:

263 1947 401 1998 firmo
457 1947 753 1996 constantique,
778 1940 785 1943 ²
810 1956 831 1982 2
853 1959 862 1992 ;
921 1945 1101 1983 dolorem

277 2003 608 2052 cruciatumque,
650 2013 696 2048 23
736 2000 1034 2038 sollicitudinis
1067 2004 1106 2036 et

278 2059 444 2103 doloris,
498 2068 544 2102 2;
581 2057 714 2108 frugi
760 2068 995 2106 severaque,
1048 2066 1102 2102 4;

265 2113 569 2166 familiaribus
616 2117 656 2150 et
694 2111 1008 2155 convictoribus,
1049 2120 1103 2161 5;

279 2167 364 2206 and
396 2173 571 2219 gratum
611 2172 912 2218 acceptumque,
947 2176 1001 2214 73
1033 2177 1105 2204 see

279 2224 372 2262 also
412 2236 483 2261 oro
521 2223 689 2269 obsecro,
728 2223 806 2273 Ep.
849 2223 895 2259 L.
939 2232 954 2258 1
1000 2233 1106 2259 n.—

279 2290 496 2319 rumores
517 2293 526 2316 ε
557 2291 676 2316 more
695 2277 917 2316 favorable
938 2282 1106 2327 reports

279 2333 530 2373 mentioned
579 2334 620 2372 in
679 2333 820 2371 Tiro's
868 2333 1006 2377 letter,
1058 2338 1103 2370 to

280 2390 417 2429 which
441 2390 525 2428 this
548 2389 700 2440 epistle
726 2389 762 2428 is
785 2401 838 2426 an
861 2400 1034 2426 answer.
1051 2409 1106 2414 —

281 2452 444 2497 gratos
469 2475 479 2484 .
500 2474 510 2483 .
530 2474 540 2483 .
565 2457 673 2484 esse
697 2474 706 2482 .
731 2475 740 2484 .
762 2473 771 2482 .
790 2455 885 2482 non
908 2443 1072 2482 dubito
1096 2456 1104 2479 :

280 2501 333 2540 cf.
358 2501 508 2546 Pollio,
531 2502 651 2538 Fam.
679 2511 738 2538 10.
763 2511 826 2550 31.
858 2510 878 2552 5
902 2499 1017 2537 illud
1042 2511 1106 2536 me

285 2558 498 2595 Cordubae
511 2562 594 2605 pro
609 2557 793 2593 contione
808 2555 965 2592 dixisse
987 2554 1106 2592 riemo

279 2613 439 2650 vocabit
489 2613 535 2649 in
585 2612 756 2649 dubium
774 2623 791 2656 ;
849 2609 1104 2654 Trebonius,

280 2668 402 2706 Fam.
430 2678 490 2704 12.
517 2665 576 2705 16.
601 2677 622 2704 2
645 2667 715 2704 cui
734 2679 806 2703 nos
826 2671 866 2703 et
879 2667 1051 2703 caritate
1071 2668 1110 2701 et

280 2735 425 2761 amore
455 2727 573 2760 tuum
609 2722 788 2772 officium
814 2725 1106 2771 praestaturos

282 2791 366 2816 non
395 2778 508 2815 debes
537 2778 740 2815 dubitare.
802 2775 870 2814 Cf.
893 2776 985 2814 also
1008 2775 1104 2812 Ter.

281 2834 381 2871 Hec.
404 2832 505 2884 3263
537 2833 658 2870 Varr.
684 2833 809 2882 Ling.
832 2832 926 2869 Lat.
950 2841 986 2879 7.
1014 2840 1103 2878 107.

282 2888 376 2926 The
404 2888 520 2926 infin.
543 2888 653 2926 after
683 2900 767 2926 non
798 2886 937 2924 dubito
965 2885 1001 2924 is
1030 2889 1106 2922 not

280 2942 418 2981 found
449 2943 490 2981 in
531 2942 684 2981 Cicero
721 2941 803 2993 (οἱ,
838 2941 1048 2984 however,
1081 2951 1107 2976 a

281 2999 470 3050 scarcely
509 2997 686 3048 parallel
726 3008 909 3047 passage
942 2996 985 3033 in
1018 2995 1105 3033 Cic.

281 3054 330 3091 de
364 3055 461 3091 Fin.
494 3064 530 3104 3.
565 3052 647 3104 38).
711 3053 762 3090 In
792 3052 848 3090 all
879 3051 952 3089 the
987 3061 1108 3089 cases

1049 1887 1102 1926 cf.

1192 1775 1303 1815 cited
1327 1775 1399 1813 the
1421 1773 1666 1825 dependent
1688 1772 1790 1812 verb
1811 1772 2015 1824 precedes

1191 1845 1274 1870 non
1296 1832 1447 1876 dubim,
1466 1829 1551 1868 and
1572 1830 1645 1868 the
1666 1829 1806 1868 writer
1825 1829 1868 1867 in
1891 1830 2017 1879 using

1191 1887 1263 1926 the
1294 1899 1379 1925 acc.
1403 1885 1487 1924 and
1517 1885 1635 1924 infin.
1660 1884 1739 1924 has
1769 1884 1811 1923 in
1842 1883 1961 1922 mind
1991 1896 2016 1922 a

1190 1942 1292 1981 verb
1325 1942 1373 1980 of
1403 1941 1604 1992 thinking
1635 1941 1677 1979 in
1712 1940 1897 1991 general,
1929 1938 2016 1978 and

1189 2004 1265 2036 not
1288 1998 1361 2036 the
1382 1997 1539 2048 special
1570 1996 1727 2047 phrase
1758 2009 1841 2033 non
1862 1995 2013 2034 dubito.

1192 2053 1336 2092 When
1377 2066 1462 2090 non
1497 2053 1635 2090 dubito
1662 2050 1877 2102 precedes,
1908 2051 2014 2101 quin

1190 2109 1289 2148 with
1323 2108 1396 2148 the
1421 2107 1532 2159 subj.
1554 2108 1590 2146 is
1612 2107 1767 2159 always
1797 2104 1928 2153 used3
1959 2104 2012 2144 cf.

1192 2175 1212 2214 7
1238 2165 1284 2202 of
1305 2165 1389 2203 this
1410 2165 1547 2203 letter.
1582 2163 1663 2201 See
1685 2163 1776 2200 also
1803 2161 2013 2206 SchmaIZ,

1199 2221 1327 2259 (seber
1339 2221 1377 2258 d.
1393 2218 1763 2270 Spraclzgebraucli
1781 2218 1818 2255 d.
1835 2217 2015 2254 Asinius

1192 2277 1341 2322 Pollio,
1391 2289 1431 2326 p.
1480 2273 1614 2313 88.—
1631 2273 1697 2312 mi
1737 2272 2014 2312 dulcissime

1193 2332 1307 2370 Tiro
1331 2345 1338 2368 :
1370 2331 1422 2369 cf.
1446 2332 1509 2368 mi
1537 2330 1753 2378 Pomponi,
1786 2328 1864 2378 Ep.
1898 2328 1951 2365 X.
1974 2339 2014 2364 n.

1191 2386 1276 2425 and
1308 2387 1410 2425 Intr.
1442 2385 1493 2424 88
1510 2384 1681 2423 a.-—in
1713 2384 1816 2422 dies
1857 2382 2015 2433 magis

1192 2442 1445 2493 magisque
1467 2455 1474 2478 :
1505 2440 1574 2478 for
1595 2440 1669 2478 the
1685 2439 1804 2478 strict
1822 2437 2014 2476 classical

1192 2498 1439 2548 expression
1471 2497 1515 2533 in
1546 2496 1632 2533 dies
1663 2496 1798 2545 magis
1823 2493 1892 2544 (cf.
1926 2493 2013 2531 Cic.

1182 2559 1267 2602 pro
1283 2554 1380 2590 Mil.
1402 2564 1422 2590 2
1432 2550 1484 2604 5).
1499 2574 1550 2579 —
1569 2550 1896 2590 bucinatorem
1918 2563 1925 2585 :
1948 2560 2017 2598 ap-

1190 2608 1386 2660 parently
1419 2613 1496 2645 not
1533 2605 1639 2645 used
1678 2606 1719 2643 in
1761 2605 1833 2643 the
1866 2604 2015 2653 fi'gura-

1193 2663 1278 2702 tive
1296 2675 1421 2702 sense
1440 2662 1681 2701 elsewhere.
1696 2683 1752 2688 —
1767 2669 2012 2698 successa:

1194 2717 1503 2757 Mendelssohn
1534 2717 1653 2763 cites,
1683 2727 1730 2754 as
1761 2714 1935 2766 parallel
1968 2719 2013 2751 to

1193 2774 1278 2812 this
1311 2772 1493 2811 unusual
1523 2771 1756 2823 participle,
1780 2769 2014 2808 custodibus

1192 2830 1379 2867 discessis
1417 2827 1530 2866 from
1568 2826 1744 2865 Coelius
1786 2824 2015 2874 Antipater

1193 2883 1279 2922 and
1298 2886 1380 2922 sole
1410 2896 1543 2921 occaso
1569 2882 1680 2920 from
1710 2881 1761 2929 Q.
1794 2878 2012 2918 Claudius.

1196 2938 1402 2977 Schwabe
1432 2937 1701 2988 conjectures
1732 2948 1907 2973 successe
1930 2933 2015 2984 (for

1193 2993 1445 3042 successisse)
1465 2992 1565 3030 with
1584 2989 1876 3030 considerable
1893 2987 2015 3039 prob*

1194 3049 1352 3101 ability.
1399 3048 1466 3086 Cf.
1489 3049 1653 3092 decesse,
1678 3047 1753 3096 Ep.
1780 3045 1903 3083 XIX.
1929 3054 1950 3080 2
1972 3055 2012 3080 n.
