2067 3332
1738 132 1816 174 221

74 133 162 172 Att.
190 144 251 172 12.
275 132 360 186 32.]
649 132 926 173 CICERO’S
971 132 1254 172 LETTERS.

74 291 200 327 cum
231 273 308 324 illi
337 273 601 325 dixissem
631 290 719 324 me
749 273 927 324 solum
959 290 1083 325 esse
1112 273 1279 336 velle;
1321 291 1429 341 qua
1467 290 1525 325 re
1554 273 1701 325 nolle
1730 291 1818 325 me

73 365 177 416 hoc
227 371 478 431 ternpore
527 381 648 415 eam
697 365 765 415 ad
814 381 903 415 me
946 364 1152 416 venire.
1248 365 1533 426 Putabam,
1586 365 1632 415 si
1680 364 1818 415 nihil

73 454 502 522 rescripsissem,
549 455 696 506 illam
743 472 868 506 cum
926 463 1103 506 matre
1144 463 1456 516 venturam,
1501 472 1649 507 nunc
1705 472 1817 506 non

73 553 207 613 puto
237 563 248 609 ;
309 546 610 613 apparebat
661 545 808 596 enim
866 545 986 596 illas
1043 545 1259 596 litteras
1314 562 1425 597 non
1481 545 1626 597 illius
1676 563 1813 598 esse.

74 635 218 687 Illud
249 643 437 687 autem
468 636 616 704 quod
653 635 774 687 fore
803 635 964 686 video
1008 635 1189 702 ipsum
1218 635 1343 687 volo
1370 636 1559 698 vitare,
1593 653 1664 687 ne
1693 636 1818 688 illae

71 727 140 778 ad
163 743 251 778 me
273 726 518 778 veniant.
605 727 678 778 Et
703 743 813 778 una
841 734 927 778 est
958 726 1170 787 vitatiO,
1198 733 1258 777 ut
1289 726 1429 778 alio:
1473 727 1694 788 nollem,
1721 728 1818 778 sed

72 834 303 869 necesse
332 824 434 870 est.
518 817 601 868 Te
636 817 741 869 hoc
775 835 924 869 nunc
967 833 1101 884 rogo
1145 824 1206 868 ut
1249 817 1500 884 explores
1543 819 1610 868 ad
1653 835 1816 885 quam

71 908 218 959 diem
261 908 351 960 hic
394 908 472 959 ita
519 908 728 975 possim
772 924 898 959 esse
940 915 1000 958 ut
1044 924 1115 958 ne
1157 908 1450 975 opprimar.
1536 908 1710 975 AgeS,
1757 917 1817 959 ut

73 999 287 1061 scribiS,
333 1007 656 1066 temperate.
749 998 1007 1050 Ciceroni
1049 998 1213 1049 velim
1257 999 1362 1050 hoc
1404 1016 1696 1065 proponas,
1744 1000 1820 1051 ita
1873 1052 1877 1054 .

72 1098 276 1151 tamen,
310 1090 357 1142 si
387 1090 490 1141 tibi
519 1107 631 1141 non
663 1090 914 1157 iniquum
943 1089 1239 1151 videbitur,
1274 1097 1335 1140 ut
1366 1097 1623 1156 sumptus
1654 1090 1818 1141 huius

72 1180 554 1248 peregrinationis,
613 1181 832 1248 quibuS,
892 1180 938 1231 si
1002 1181 1216 1231 Rornae
1278 1188 1427 1232 esset
1482 1181 1819 1248 domumque

72 1271 426 1333 conduceret,
453 1272 601 1339 quod
623 1271 810 1323 facere
834 1271 1133 1338 cogitabat,
1158 1271 1323 1323 facile
1347 1279 1647 1322 contentus
1672 1272 1819 1322 futu-

73 1380 166 1414 rus
196 1370 329 1424 erat,
356 1363 740 1415 accommodet
769 1363 837 1413 ad
867 1362 1153 1414 mercedes
1182 1361 1427 1430 Argileti
1459 1371 1514 1412 et
1545 1362 1819 1413 Aventini

72 1461 144 1515 et,
192 1471 316 1506 cum
361 1453 411 1505 ei
453 1453 826 1521 proposueris,
873 1453 992 1520 ipse
1032 1452 1197 1504 velim
1254 1453 1465 1520 reliqua
1513 1454 1814 1514 moderere,

72 1545 538 1613 quemadmodum
569 1561 636 1595 ex
665 1544 731 1595 iis
761 1543 1112 1596 mercedibus
1144 1543 1566 1611 suppeditemus
1598 1544 1649 1594 ei
1672 1545 1818 1611 quod

72 1652 212 1703 opus
255 1635 343 1688 sit.
429 1636 728 1687 Praestabo
771 1652 875 1687 nec
919 1634 1179 1686 Bibulum
1222 1651 1325 1686 nec
1368 1634 1672 1687 Acidinum
1715 1651 1819 1686 nec

75 1726 412 1788 Messallam,
434 1743 573 1794 quos
593 1725 840 1777 Athenis
859 1726 1080 1777 futuros
1100 1725 1278 1787 audiO,
1301 1725 1537 1776 maiores
1562 1732 1817 1792 sumptus

72 1845 248 1884 —illas
279 1845 466 1885 litteras
491 1857 588 1884 non
611 1857 720 1884 esse
743 1844 870 1885 illius
890 1858 899 1883 ε

72 1915 123 1940 sc.
146 1901 224 1940 but
245 1900 438 1940 dictated
468 1900 524 1953 by
545 1901 621 1939 her
641 1900 826 1939 mother.
845 1923 903 1930 -—

73 1957 188 1996 alio:
236 1971 289 1995 sc.
330 1957 551 1995 discedam.
565 1956 827 2004 ——nollem,
876 1957 911 1994 I

70 2026 139 2050 am
163 2019 430 2063 sorry—ut
448 2012 641 2052 scribis:
681 2014 743 2051 i.e.
765 2026 903 2064 quem-

69 2070 298 2107 admodum
321 2069 496 2109 scribere
517 2069 621 2108 soles
644 2069 807 2120 (Boot).

130 2136 165 2163 2.
198 2125 264 2164 ita
287 2154 298 2164 .
321 2153 333 2164 .
356 2153 368 2164 .
391 2125 447 2172 si,
469 2126 569 2176 only
597 2126 644 2162 in
673 2138 765 2164 case
793 2124 899 2163 that.

74 2179 237 2220 Words
249 2180 386 2220 which
405 2177 563 2220 deno'te
577 2180 733 2231 degree
750 2180 900 2219 obtain

72 2236 193 2276 often
213 2236 329 2275 from
351 2236 425 2276 the
447 2243 623 2275 context
645 2236 718 2275 the
734 2235 833 2275 idea
854 2236 902 2274 of

71 2293 315 2332 limitation.
358 2292 426 2331 Cf.
446 2293 526 2343 Ep.
555 2292 753 2330 XXXII.
774 2303 795 2330 2
816 2305 841 2329 a
864 2299 901 2331 te

71 2349 229 2399 rogabo,
249 2378 257 2386 .
277 2378 284 2386 .
305 2378 312 2386 .
331 2350 388 2387 ita
411 2349 523 2387 milei
540 2348 621 2393 des,
638 2349 677 2386 si
695 2349 772 2386 tibi
790 2353 840 2386 ut
857 2349 907 2386 id

71 2405 246 2444 libenter
254 2405 401 2456 facias
419 2410 517 2443 ante
529 2405 796 2453 persuaseris
807 2416 823 2449 ,·
852 2405 899 2441 in

75 2461 163 2500 Cat.
179 2472 215 2512 3.
236 2460 285 2500 16
301 2466 386 2499 tam
405 2460 481 2498 diu
502 2460 528 2510 (⁴
543 2459 645 2512 only
661 2472 711 2499 so
732 2459 836 2510 long
851 2459 898 2509 ’);

67 2522 148 2566 pro
178 2517 291 2554 Flac.
325 2527 377 2567 34
407 2516 523 2554 dixit
550 2521 717 2553 tantum
735 2528 748 2554 .·
786 2515 902 2554 ηίΙιίί

71 2573 264 2617 ostendit,
282 2572 396 2610 nihil
405 2572 603 2621 protulit.
618 2594 673 2599 —
686 2571 899 2622 peregri-

71 2628 302 2667 nationis:
335 2639 481 2680 young
512 2626 666 2665 Cicero
699 2626 782 2665 had
809 2627 898 2676 just

69 2695 182 2733 gone
245 2690 291 2721 to
343 2682 513 2721 Athens
574 2689 619 2721 to
672 2689 899 2733 prosecute

71 2739 136 2777 his
167 2738 331 2778 studies
364 2739 497 2784 there,
529 2737 615 2777 and
654 2751 702 2777 as
745 2739 897 2777 Cicero

70 2794 241 2833 himself
287 2793 430 2833 would
479 2793 534 2832 be
583 2794 735 2832 absent
783 2794 896 2831 from

72 2850 224 2895 Rome,
266 2850 320 2888 he
370 2849 598 2901 requested
640 2850 811 2888 Atticus
852 2856 897 2887 to

69 2918 152 2958 pay
192 2906 264 2944 the
307 2918 452 2957 young
502 2906 636 2943 man‘s
687 2918 897 2955 expenses

68 2961 181 2999 from
204 2962 277 3000 the
299 2961 435 2999 rental
458 2960 505 2997 of
536 2960 694 2999 certain
722 2960 895 2999 houses.

68 3039 123 3044 —
139 3017 313 3068 quibus
333 3031 340 3053 :
383 3015 591 3066 referring
629 3015 814 3054 forward
851 3023 896 3054 to

70 3073 330 3111 mercedes.
348 3095 403 3100 —
419 3071 460 3110 si
484 3101 491 3109 .
522 3100 531 3110 .
556 3100 566 3110 .
590 3072 893 3119 conduceret,

988 1844 1115 1896 quod
1148 1873 1158 1883 .
1190 1873 1199 1883 .
1228 1873 1238 1882 .
1272 1844 1539 1895 cogitabat:
1570 1844 1672 1896 only
1693 1856 1718 1882 a
1737 1843 1819 1882 few

989 1900 1132 1939 weeks
1171 1899 1321 1939 before
1356 1900 1442 1939 this
1477 1899 1593 1945 time,
1628 1900 1818 1938 Cicero's

989 1969 1084 2002 son,
1106 1956 1298 2007 growing
1319 1956 1476 1994 restive
1499 1955 1632 1994 under
1654 1955 1727 1994 the
1748 1968 1818 2006 pa-

989 2013 1128 2051 ternal
1146 2011 1255 2058 roof,
1269 2012 1456 2063 perhaps
1473 2011 1658 2050 because
1676 2011 1723 2050 of
1745 2011 1817 2050 the

989 2074 1224 2107 treatment
1251 2067 1388 2106 which
1425 2067 1491 2106 his
1524 2067 1696 2106 mother
1731 2066 1817 2106 had

989 2123 1196 2170 received,
1228 2123 1314 2162 and
1352 2123 1538 2162 because
1568 2123 1615 2162 of
1654 2123 1720 2162 his
1758 2123 1817 2161 fa-

988 2180 1121 2219 ther's
1161 2180 1369 2230 marriage
1411 2186 1456 2217 to
1500 2178 1694 2224 Publilia,
1731 2178 1816 2217 had

986 2235 1075 2274 laid
1111 2235 1260 2274 before
1296 2235 1362 2274 his
1397 2235 1540 2273 father
1575 2241 1660 2273 two
1696 2235 1818 2273 alter-

987 2292 1167 2337 natives‚
1199 2291 1336 2330 either
1368 2290 1463 2329 that
1492 2291 1546 2329 he
1576 2289 1735 2329 should
1762 2289 1815 2329 be

989 2347 1171 2386 allowed
1201 2354 1246 2386 to
1277 2346 1369 2397 join
1401 2346 1562 2385 Caesar
1589 2346 1631 2384 in
1666 2346 1814 2396 Spain,

987 2415 1036 2441 or
1058 2403 1152 2442 that
1174 2403 1228 2441 he
1249 2401 1409 2441 should
1431 2402 1540 2440 have
1562 2414 1588 2440 a
1608 2401 1746 2440 house
1769 2402 1816 2439 of

987 2458 1052 2498 his
1089 2472 1183 2497 own
1215 2465 1259 2497 at
1293 2459 1454 2503 Rome;
1492 2457 1676 2509 (filium)
1710 2458 1816 2495 velle

987 2516 1262 2565 Hispamom,
1315 2515 1530 2565 requirere
1586 2513 1815 2551 liberalita-

984 2576 1076 2616 tem,
1101 2572 1188 2609 Att.
1216 2581 1276 2608 12.
1301 2581 1337 2619 7.
1365 2581 1397 2607 1.
1415 2569 1717 2620 ——Argiletiz
1742 2569 1814 2607 the

987 2626 1228 2676 Argiletum
1243 2624 1419 2665 entered
1436 2624 1509 2663 the
1526 2625 1686 2663 Forum
1700 2624 1813 2663 from

986 2681 1059 2720 the
1099 2681 1241 2726 north,
1281 2681 1459 2732 passing
1504 2680 1698 2719 between
1739 2680 1813 2718 the

986 2738 1119 2776 Curia
1153 2737 1240 2776 and
1281 2737 1354 2775 the
1397 2736 1581 2775 Basilica
1613 2735 1810 2775 Aemilia.

987 2793 1139 2832 Cicero
1170 2792 1388 2844 evidently
1418 2791 1504 2830 had
1539 2791 1701 2830 houses
1735 2792 1813 2842 (in-

983 2849 1116 2899 sulae)
1142 2848 1278 2887 which
1301 2848 1355 2886 he
1386 2846 1535 2886 rented
1565 2847 1607 2885 in
1639 2847 1712 2886 the
1736 2848 1812 2885 Ar-

984 2905 1162 2953 giletum
1200 2903 1284 2942 and
1317 2916 1374 2941 on
1407 2903 1479 2941 the
1512 2903 1812 2942 Aventine.—

987 2960 1231 3006 Bibulum,
1275 2958 1550 3005 Acidinum,
1602 2958 1810 2997 Messal-

983 3015 1104 3054 lam:
1138 3015 1223 3053 rich
1253 3026 1399 3066 young
1429 3014 1691 3059 aristocrats‚
1714 3014 1810 3052 who

983 3084 1092 3109 were
1142 3070 1330 3109 likewise
1382 3076 1427 3108 to
1485 3082 1645 3120 pursue
1700 3069 1811 3108 their
