2067 3332
85 112 208 150 Fam.
231 122 267 162 9.
293 108 376 159 24]
651 107 935 148 CICERO'S
979 110 1270 150 LETTERS.
1761 114 1843 157 273

86 267 283 311 essem,
317 267 443 301 cum
486 257 543 299 te
577 256 875 315 tantopere
913 249 1159 302 viderem
1200 251 1320 303 eius
1357 270 1524 305 causa
1566 253 1841 319 laborare;

86 359 210 394 cum
253 356 386 391 vero
430 347 486 390 et
530 356 597 390 ex
642 339 756 390 tuis
795 339 1000 391 litteris
1040 349 1095 391 et
1135 359 1202 393 ex
1236 342 1385 395 illius
1424 345 1492 395 ad
1528 362 1616 396 me
1655 346 1841 398 missis

85 431 408 499 intellegam
444 438 500 482 et
537 430 778 482 iudicem
818 448 1054 498 magnae
1095 450 1260 484 curae
1296 434 1346 485 ei
1385 435 1621 487 salutern
1661 454 1840 489 meam

84 523 276 584 fuisse,
323 539 437 573 non
479 538 709 589 possum
755 521 807 572 ei
849 539 962 573 non
1005 523 1216 575 amicus
1261 541 1402 586 esse,
1437 543 1619 594 neque
1662 528 1839 579 solum

87 623 184 666 tua
237 612 742 674 commendatione,
791 630 933 680 quae
989 614 1135 681 apud
1192 632 1296 677 me,
1350 624 1410 667 ut
1465 618 1648 679 debet,
1694 619 1839 670 valet

85 704 399 773 plurimum,
434 705 531 756 sed
574 704 743 755 etiam
786 704 1077 756 voluntate
1120 723 1183 757 ac
1226 706 1431 758 iudicio
1474 725 1614 760 meo,
1697 709 1840 760 Volo

85 796 231 847 enim
287 803 345 846 te
389 795 546 856 scire,
598 795 674 845 mi
733 796 915 857 Paete,
964 795 1184 848 initium
1228 798 1364 848 mihi
1406 799 1741 865 suspicionis
1785 808 1840 851 et

86 886 361 939 cautionis
403 894 458 937 et
502 886 825 954 diligentiae
861 887 1038 938 fuisse
1080 888 1294 939 litteras
1334 896 1476 950 tuaS‚
1510 890 1711 956 quibus
1758 890 1842 941 lit-

84 978 219 1029 teris
250 985 630 1045 congruentes
661 978 891 1029 fuerunt
923 978 1062 1030 aliae
1092 987 1290 1046 postea
1317 981 1635 1032 multorum.
1695 982 1838 1032 Nam

86 1076 141 1120 et
191 1068 407 1136 Aquini
461 1076 516 1120 et
566 1069 925 1120 Fabrateriae
975 1070 1210 1121 Consilia
1259 1078 1390 1122 sunt
1445 1071 1584 1123 inita
1637 1073 1705 1123 de
1754 1090 1841 1123 me

86 1176 226 1228 quae
263 1167 321 1211 te
349 1159 511 1210 video
556 1159 855 1222 inaudisse,
889 1168 959 1221 et,
1008 1161 1166 1229 quasi
1211 1161 1526 1213 divinarent
1570 1180 1735 1230 quarn
1775 1163 1841 1214 iis

86 1250 356 1302 molestus
392 1267 574 1302 essem
612 1251 854 1312 futurUS,
888 1251 1025 1302 nihil
1061 1251 1209 1303 aliud
1249 1260 1484 1319 egerunt
1525 1253 1633 1304 nisi
1662 1270 1750 1304 me
1780 1262 1841 1304 ut

87 1341 469 1408 opprimerent
494 1359 504 1404 3
538 1342 684 1409 quod
709 1359 813 1409 ego
837 1359 950 1392 non
975 1342 1266 1409 suspicans
1293 1343 1566 1394 incautior
1587 1344 1838 1406 fuissem,

87 1431 195 1483 nisi
243 1450 275 1483 a
329 1440 386 1484 te
442 1433 764 1484 admonitus
822 1450 1022 1484 essem.
1110 1434 1492 1501 Quamobrem
1548 1435 1656 1485 iste
1710 1443 1840 1486 tuus

87 1523 298 1575 amicus
329 1524 475 1591 apud
506 1541 594 1575 me
625 1525 1113 1575 commendatione
1144 1542 1256 1575 non
1287 1532 1430 1592 eget.
1515 1526 1748 1576 Vtinam
1779 1543 1842 1577 ea

86 1614 314 1666 fortuna
352 1615 432 1666 rei
475 1633 526 1682 p.
572 1615 641 1666 sit
673 1623 735 1666 ut
766 1615 858 1666 ille
888 1632 977 1666 me
1018 1616 1197 1666 virum
1239 1616 1619 1683 gratissimum
1665 1617 1842 1684 possit

88 1707 454 1773 cognoscere!
540 1706 652 1758 Sed
693 1706 831 1758 haec
873 1706 1162 1758 hactenus
1249 1708 1332 1757 Te
1374 1708 1442 1758 ad
1488 1724 1654 1758 cenas
1704 1708 1842 1759 itare

88 1797 303 1848 desisse
349 1798 584 1848 moleste
622 1797 769 1860 fero;
812 1815 1016 1865 magna
1054 1798 1201 1849 enim
1252 1806 1308 1849 te
1363 1798 1737 1850 delectatione
1787 1807 1841 1849 et

89 1887 375 1955 voluptate
430 1888 688 1956 privasti;
744 1888 948 1940 deinde
991 1889 1161 1940 etiarn
1205 1889 1650 1940 vereor—licet
1694 1889 1841 1940 enim

87 1996 279 2030 verum
343 1979 715 2030 dicere—ne
780 1980 971 2031 nescio
1041 1980 1171 2047 quid
1229 1980 1364 2030 illud
1421 1981 1568 2047 quod
1625 1980 1842 2032 solebas

88 2069 341 2121 dediscas
385 2078 440 2121 et
483 2070 828 2132 obliviscare,
863 2070 1091 2122 cenulas
1133 2071 1334 2122 facere.
1423 2071 1585 2131 Nam,
1632 2071 1679 2121 si
1720 2080 1840 2122 tum

89 2176 213 2211 curn
258 2160 504 2212 habebas
547 2178 685 2228 quos
730 2161 1010 2212 imitarere
1053 2179 1166 2212 non
1210 2161 1449 2212 multum
1493 2161 1838 2227 proficiebaS,

88 2250 221 2318 quid
250 2269 399 2303 nunc
429 2259 486 2303 te
514 2251 794 2303 facturum
824 2252 1050 2319 putem?
1137 2251 1418 2318 Spurinna
1440 2251 1679 2318 quidem,
1715 2269 1840 2302 cum

88 2382 203 2422 what
235 2383 270 2423 is
304 2383 396 2422 told
431 2397 480 2423 us
510 2384 553 2423 in
584 2384 670 2424 this
710 2384 923 2424 letter.—

89 2450 296 2490 magnae
348 2451 490 2480 curae
513 2468 524 2479 .
551 2469 560 2478 .
586 2469 596 2479 .
620 2441 772 2480 fuisse
795 2456 803 2479 :
854 2440 921 2480 his

87 2494 266 2534 interest
307 2508 393 2535 was
443 2496 594 2535 shown
645 2497 686 2535 in
731 2496 922 2547 warning

89 2550 243 2589 Cicero
262 2551 451 2603 through
473 2553 629 2591 Paetus
648 2552 694 2590 of
708 2552 781 2591 the
798 2553 922 2603 plans

87 2605 279 2657 forming
299 2607 468 2658 against
490 2608 592 2646 him.
609 2632 664 2636 —
681 2608 802 2647 aliae
824 2624 831 2647 :
867 2622 920 2646 sc.

88 2664 301 2712 epistulae,
343 2676 392 2701 or
431 2665 595 2702 litterae
633 2663 676 2701 in
717 2677 742 2702 a
782 2664 921 2714 plural

89 2730 238 2765 sense;
270 2718 324 2757 cf.
345 2720 510 2765 litteris,
536 2720 616 2770 Ep.
641 2720 810 2758 XCIX.
837 2731 851 2757 1
879 2733 921 2757 n.

88 2774 215 2812 —de
257 2786 366 2813 me:
401 2774 554 2813 Cicero
595 2775 631 2814 is
667 2776 922 2827 apparently

90 2829 296 2880 referring
326 2830 439 2874 here,
472 2843 520 2869 as
561 2830 602 2868 in
634 2832 798 2869 several
830 2844 922 2882 pas-

89 2897 215 2935 sages
247 2885 290 2923 in
322 2885 388 2924 his
433 2886 676 2936 Philippics,
711 2893 755 2925 to
797 2887 921 2937 plans

90 2940 217 2979 made
248 2941 418 2991 against
449 2941 515 2980 his
548 2941 621 2979 life
653 2941 709 2994 by
740 2943 922 2993 Antony

89 2995 175 3034 and
225 2997 440 3048 Antony's
495 2996 674 3036 friends.
695 3021 750 3026 —
771 2998 922 3036 mole-

91 3058 225 3091 stus:
272 3051 326 3090 he
356 3065 440 3090 was
481 3052 704 3103 attacking
740 3054 920 3105 Antony

1010 2384 1260 2436 vigorously
1298 2383 1341 2422 in
1373 2382 1447 2422 the
1486 2388 1649 2429 senate,
1682 2383 1841 2434 having

1009 2440 1182 2492 already
1204 2439 1420 2478 delivered
1453 2439 1571 2490 eight
1596 2452 1645 2477 or
1674 2439 1773 2478 nine
1795 2439 1842 2478 of

1009 2496 1075 2535 his
1111 2495 1356 2546 Philippics‚
1391 2495 1512 2533 while
1543 2501 1585 2533 at
1617 2494 1690 2533 the
1722 2508 1840 2534 same

1009 2552 1112 2590 time
1144 2552 1197 2590 he
1229 2564 1314 2590 was
1346 2551 1524 2601 making
1554 2563 1680 2603 every
1710 2550 1839 2589 effort

1009 2614 1054 2646 to
1078 2620 1194 2646 mass
1217 2607 1290 2645 the
1310 2606 1452 2645 forces
1474 2606 1521 2644 of
1551 2606 1623 2644 the
1650 2606 1839 2657 republic

1008 2664 1178 2714 against
1200 2662 1286 2701 him
1308 2663 1350 2700 in
1374 2663 1446 2700 the
1468 2662 1610 2700 north.

1066 2731 1102 2757 2.
1134 2730 1256 2770 quos
1275 2718 1543 2756 imitarere:
1575 2730 1644 2768 eg.
1668 2717 1838 2757 Hirtius

1008 2774 1093 2813 and
1135 2774 1368 2812 Dolabella
1407 2773 1477 2825 (cf.
1511 2774 1590 2824 Ep.
1625 2774 1744 2811 LXI.
1779 2773 1837 2824 7).

1011 2830 1181 2869 Hirtius
1231 2842 1317 2868 was
1366 2829 1409 2867 in
1458 2829 1665 2867 northern
1712 2829 1837 2881 Italy,

1010 2885 1243 2925 Dolabella
1264 2886 1304 2923 in
1331 2885 1464 2936 Syria.
1515 2884 1583 2923 Cf.
1609 2885 1714 2923 Intr.
1738 2896 1787 2932 42
1806 2884 1837 2923 f.

1007 2966 1062 2970 —
1079 2942 1336 2992 Spurinna:
1353 2941 1425 2979 the
1447 2939 1692 2979 celebrated
1710 2941 1838 2978 Icaru-

1007 3004 1107 3047 spex
1138 2997 1234 3035 who
1267 2995 1353 3034 had
1384 2995 1556 3034 warned
1597 2996 1760 3035 Caesar
1791 3003 1836 3035 to

1008 3052 1173 3091 beware
1196 3052 1242 3090 of
1260 3052 1330 3090 the
1349 3051 1512 3102 danger
1528 3051 1666 3090 which
1681 3051 1837 3090 threat-

1877 1731 1897 1757 Ν
