2067 3332
610 118 911 157 CRITICAL
951 118 1287 156 APPENDIX.
1749 117 1831 158 299

209 261 463 300 mandatum
504 272 548 297 eo
584 259 630 296 M
704 257 907 296 mandato

212 329 301 356 meo
322 315 405 355 GR

123 472 210 514 ΕΡ.
237 469 480 512 XXXVII
512 469 676 526 (Fam.
708 478 776 522 15.
806 469 855 525 5)

39 570 43 574 .
107 590 121 617 1
157 576 429 616 hortaturF
487 575 682 612 hortatus
703 575 744 612 ‘I'

106 645 127 672 2
161 643 330 672 casum
351 644 454 697 casu,
474 630 657 669 MDFH

115 774 202 815 ΕΡ.
229 770 504 814 XXXVIII
536 771 700 828 (Fam.
734 780 800 823 15.
828 767 880 827 6)

107 890 128 918 2
162 879 220 918 de
242 878 423 916 honore
447 877 480 914 Σ
541 875 698 914 honore
723 875 804 913 xIJF

145 1018 232 1060 ΕΡ.
259 1016 480 1059 XXXIX
507 1016 671 1074 (Fam.
704 1013 771 1056 16.
799 1015 851 1072 4)

113 1136 129 1163 1
165 1122 323 1175 quoad
346 1123 387 1160 D
447 1122 561 1173 quod
579 1119 781 1159 MFHD1

110 1193 135 1229 4
166 1178 353 1230 corpori
394 1177 521 1216 servi
561 1178 731 1227 corpori
760 1177 920 1214 servire

221 1235 389 1285 corpori
407 1234 523 1273 servi
545 1233 590 1271 M

196 1383 284 1424 ΕΡ.
312 1381 424 1423 XLI
455 1381 618 1438 (Fam.
649 1378 716 1422 16.
742 1381 793 1437 9)

119 1502 133 1528 1
173 1490 215 1528 D
243 1487 308 1541 (of
329 1486 543 1539 greeting)
567 1498 656 1525 nos
679 1486 756 1525 dic.
780 1499 855 1523 nos
878 1485 922 1522 H

225 1546 375 1595 dignos
397 1544 443 1582 M

174 1601 444 1651 Cassiopen
497 1599 720 1637 cassiodem
793 1597 923 1636 FHD

224 1657 431 1695 cassodem
457 1655 503 1694 M

173 1712 347 1752 retenti
371 1740 381 1751 .
405 1741 415 1752 .
443 1740 454 1750 .
477 1723 519 1750 a.
562 1711 606 1749 d.
648 1710 798 1749 retenti
826 1722 927 1747 vens

230 1783 323 1808 sum
348 1781 531 1818 ususque
550 1767 610 1805 ad
625 1781 663 1806 a.
687 1767 726 1804 d.
751 1766 796 1803 M
868 1779 927 1803 re-

229 1825 335 1863 tenti
352 1824 488 1862 ventis
507 1835 656 1860 sumus
678 1835 807 1873 usque
825 1835 864 1859 a.
886 1822 925 1860 d.

121 1949 144 1989 3
175 1936 350 1975 vellem
377 1935 539 1974 Schiitz
595 1935 722 1973 velim
746 1934 827 1972 111F

121 2005 145 2042 4
175 1992 282 2031 vale
306 1991 438 2031 salve
482 1991 574 2029 MD
635 1991 728 2028 vale
749 1994 790 2029 et
813 1989 928 2028 solve

235 2046 507 2098 W'esenberg

180 2203 266 2244 ΕΡ.
293 2202 435 2244 XLII
468 2202 631 2259 (Fam.
663 2198 731 2242 16.
764 2201 842 2257 11)

125 2320 139 2346 1
176 2308 272 2348 iarn
308 2307 356 2346 C.
393 2308 439 2346 F.
464 2308 534 2346 W.
569 2306 728 2345 Miiller
803 2305 926 2344 etiam

124 2431 147 2472 3
181 2364 401 2471 Calpiziam
425 2419 555 2457 FHD
615 2419 779 2468 capiam
800 2417 846 2455 M

167 2518 253 2559 ΕΡ.
281 2516 452 2559 XLIII
483 2517 645 2574 (Fam.
677 2526 745 2568 14.
777 2516 856 2572 14)

130 2620 144 2647 1
183 2609 224 2648 si
247 2609 375 2647 enim
400 2608 530 2647 FHD
591 2608 647 2645 sit
665 2608 777 2645 enim
803 2606 849 2644 M

128 2676 148 2703 2
181 2664 291 2703 forti
317 2664 424 2703 sitis
442 2664 572 2702 FHD
620 2664 755 2715 fortis
775 2662 867 2699 sitis
886 2661 931 2699 M

195 2803 281 2845 ΕΡ.
309 2803 470 2845 XLIV
498 2801 628 2860 (Att.
656 2801 697 2843 8.
730 2813 782 2842 12
809 2801 867 2858 D)

133 2920 147 2946 1
184 2907 468 2960 praemonui
491 2907 540 2946 fit
562 2906 936 2957 praemonuifore

227 2965 288 3015 fit
308 2976 441 3013 marg.

187 3019 439 3059 conductis
462 3025 508 3057 te
549 3018 762 3056 conductis
786 3023 870 3066 per
899 3021 936 3054 te

246 3076 289 3113 M

1027 269 1048 296 2
1082 258 1141 296 ad
1183 257 1514 296 adversarium
1562 257 1706 295 Baiter
1761 258 1832 295 ad-

1135 314 1376 352 versarium
1397 314 1457 351 M.
1506 312 1587 352 See
1603 313 1832 352 Commen-

1137 375 1241 421 tary.

1139 495 1225 537 ΕΡ.
1254 495 1385 536 XLV
1414 494 1543 552 (Act.
1569 495 1610 538 8.
1636 496 1688 554 3)

1032 613 1046 639 1
1084 602 1393 652 perturbatus
1444 612 1554 640 curn
1613 601 1833 640 Victorius

1132 657 1410 706 perturbatus
1430 670 1523 695 sum
1550 655 1616 696 M1

1086 712 1222 751 Italia
1240 713 1379 751 cedat
1395 713 1612 752 Victorius
1658 714 1832 752 ltaliam

1139 769 1308 807 accedat
1323 767 1388 807 Μ1
1435 770 1568 808 Italia
1584 771 1756 808 excedat
1771 768 1836 808 M2

1033 837 1054 863 2
1088 837 1196 863 mea
1221 854 1230 863 .
1257 854 1267 863 .
1293 854 1303 863 .
1327 825 1519 864 fortuna
1564 825 1746 864 omitted
1788 826 1834 864 M

1139 880 1284 919 added
1306 880 1361 933 by
1384 881 1516 920 Klotz

1088 949 1186 976 non
1227 937 1418 977 futurus
1442 965 1453 976 .
1477 966 1488 976 .
1512 966 1522 976 .
1546 937 1690 977 fuerit
1732 937 1838 976 Leh-

1144 1006 1279 1031 mann
1339 994 1623 1044 nonfuturus
1650 994 1709 1032 M.
1758 993 1838 1032 See

1147 1050 1471 1101 Commentary.

1035 1117 1058 1157 3
1091 1106 1365 1157 adoptando
1400 1104 1641 1145 Cratander
1698 1111 1840 1156 optan-

1145 1163 1195 1200 do
1219 1163 1263 1199 M

1091 1224 1384 1269 propagator
1397 1223 1654 1268 prorogator
1676 1219 1721 1256 M

1036 1285 1061 1322 4
1091 1274 1197 1313 visa
1220 1274 1385 1325 quaeri
1407 1274 1744 1325 desperatione
1777 1275 1842 1312 vis

1146 1331 1306 1380 aquari
1319 1331 1643 1380 desperationem
1666 1328 1730 1368 M1

1092 1387 1226 1437 pacis
1251 1386 1301 1424 O.
1327 1386 1375 1424 E.
1401 1385 1595 1425 Schmidt
1654 1387 1745 1424 sine
1767 1386 1812 1423 M

1095 1443 1180 1480 sed
1202 1449 1254 1481 ut
1277 1442 1329 1480 O.
1348 1442 1397 1479 E.
1418 1441 1615 1480 Schmidt
1672 1447 1710 1480 et
1729 1447 1777 1479 ut
1797 1442 1842 1479 M

1096 1498 1228 1537 sensi
1288 1510 1434 1549 quarn
1494 1504 1625 1536 esset
1682 1498 1733 1536 O.
1794 1497 1843 1534 E.

1153 1554 1349 1593 Schmidt
1407 1554 1622 1593 sensissem
1648 1554 1694 1592 M

1095 1622 1240 1661 quam
1282 1609 1420 1649 multi
1462 1610 1513 1648 O.
1556 1610 1604 1647 E.
1648 1607 1845 1648 Schmidt

1152 1667 1278 1704 multi
1299 1667 1343 1704 M

1044 1734 1064 1776 5
1095 1722 1243 1762 habui
1266 1722 1506 1761 Cratander
1563 1722 1711 1760 habuit
1732 1722 1777 1759 M

1097 1791 1158 1818 an
1206 1778 1309 1817 sine
1359 1790 1415 1816 eo
1457 1789 1568 1817 cum
1619 1777 1845 1816 Hofmann

1151 1849 1208 1873 an
1230 1836 1270 1872 si
1289 1848 1361 1872 nec
1380 1847 1473 1872 cum
1499 1832 1565 1872 Ml

1154 1904 1245 1929 cum
1280 1889 1346 1929 Μ2

1099 1947 1285 1999 putabit
1297 1948 1474 1996 putavit
1493 1946 1539 1984 M

1100 2003 1312 2042 sciemus
1333 2003 1489 2040 scimus
1512 2003 1557 2040 M

1044 2059 1069 2098 6
1101 2059 1246 2098 etiam
1268 2060 1391 2097 etiam
1417 2058 1614 2107 Philippi
1635 2057 1681 2095 M

1100 2116 1319 2166 accipere
1347 2114 1638 2153 invidiosum
1671 2113 1848 2151 invidio-

1154 2185 1247 2209 sum
1276 2172 1334 2209 M.
1384 2170 1463 2208 See
1488 2170 1810 2220 Commentary.

1101 2228 1182 2279 qui
1204 2233 1367 2266 autem
1387 2225 1519 2264 Orelli
1577 2226 1654 2276 qm·
1671 2226 1782 2263 enim
1802 2225 1846 2262 M

1046 2296 1066 2334 7
1103 2283 1261 2322 deseri
1285 2281 1419 2321 Orelli
1475 2282 1626 2319 deserit
1647 2278 1712 2319 Μ1

1622 1847 1680 1872 an
1701 1835 1792 1872 sine
1810 1839 1850 1871 et

1096 2395 1182 2437 ΕΡ.
1210 2393 1398 2436 XLVII
1429 2392 1558 2451 (Act.
1585 2404 1626 2447 9.
1653 2390 1680 2434 6
1705 2393 1763 2449 A)

1100 2513 1208 2541 meo
1231 2514 1295 2539 me
1318 2500 1363 2538 M

1085 2629 1169 2669 Ep.
1198 2625 1412 2669 XLVIII
1444 2625 1607 2682 (fam.
1634 2623 1674 2664 8.
1707 2624 1784 2679 ις)

1053 2746 1066 2772 1
1105 2733 1217 2784 quid
1247 2732 1376 2770 iam?
1399 2729 1570 2781 inquis.
1633 2727 1849 2767 Gloriose

1160 2788 1336 2827 omnia.
1401 2786 1451 2825 Si
1494 2785 1620 2824 scias
1663 2784 1708 2822 M
1749 2783 1849 2821 with

1163 2841 1515 2882 Mendelssohn's
1562 2839 1849 2892 punctuation

1162 2906 1170 2922 ⁴
1184 2900 1291 2951 quid
1303 2899 1322 2937 ?
1342 2897 1458 2942 tam‚’
1480 2897 1635 2947 inquis,
1659 2896 1852 2945 ‘gloriose

1161 2956 1303 2994 omnia
1321 2954 1329 2969 '
1346 2954 1365 2993 .?
1386 2954 1525 2991 Immo
1545 2954 1583 2990 si
1601 2953 1708 2990 scias
1729 2951 1850 2989 Wes-

1162 3011 1325 3060 enberg
1366 3015 1374 3030 ·’
1389 3009 1496 3060 quid
1508 3008 1527 3046 ,Ρ
1556 3007 1671 3053 tam,'
1694 3008 1849 3057 inquis,

1164 3067 1360 3117 ‘gloriose
1374 3064 1408 3103 ‘?
1446 3063 1654 3102 Somnia!
1685 3063 1735 3100 Si
1747 3063 1852 3100 scias
