2067 3332
248 174 302 213 86
819 175 1096 213 CICERO'S
1140 175 1427 213 LETTERS.
1739 176 1837 226 [Ep.
1863 177 1988 215 XIX.

249 313 484 380 denique
528 330 690 380 quem
735 313 989 364 nolebam
1037 330 1147 363 non
1190 314 1507 375 defendere,
1552 322 1670 365 tum
1712 331 1840 365 vero
1884 316 1988 367 hoc

169 391 175 396 ⁸
250 411 497 470 tempore
519 403 632 454 vita
662 403 881 454 nullast.
967 404 1165 470 Neque
1196 404 1340 454 enirn
1370 404 1613 455 fructum
1645 403 1814 455 ullum
1843 404 1984 456 labo-

250 493 323 544 ris
347 501 624 560 exspectO,
652 500 706 543 et
732 510 899 559 cogor
922 511 1335 560 nonnumquam
1367 494 1616 545 homines
1647 511 1756 545 non
1781 495 1988 561 optime

249 584 317 634 de
346 570 432 634 me
460 583 700 644 meritos,
736 590 930 650 rogatu
962 600 1150 633 eorum
1181 584 1272 650 qui
1314 584 1457 634 bene
1498 584 1681 634 meriti
1723 592 1869 645 sunt,
1902 586 1989 636 de-

196 685 218 728 5
248 674 491 724 tendere.

248 764 517 815 arbitratu
545 780 684 825 me0,
717 771 884 830 teque
915 771 968 813 et
1001 763 1161 814 istam
1201 763 1470 814 rationem
1513 765 1590 814 oti
1618 764 1699 814 tui
1729 772 1783 814 et
1826 765 1988 815 laudo

248 855 610 905 vehementer
639 861 692 904 et
721 854 908 920 prob0‚
939 854 1194 920 quodque
1225 871 1324 904 nos
1353 854 1533 904 minus
1564 854 1852 914 intervisiS,
1886 855 1988 905 hoc

565 674 759 740 Itaque
790 690 993 740 quaero
1024 690 1214 724 causas
1245 674 1420 724 omnis
1449 674 1741 740 aliquando
1771 674 1989 725 vivendi

248 945 367 995 fero
402 945 581 995 animo
624 944 896 1011 aequiore,
932 944 1093 1010 quod,
1127 944 1171 994 si
1216 945 1425 994 Romae
1471 961 1636 1004 63363,
1671 952 1855 994 tamen
1899 962 1987 994 ne-

249 1052 355 1101 que
397 1052 497 1086 nos
527 1034 711 1101 lepore
740 1042 837 1085 tuo
867 1051 1049 1101 neque
1078 1042 1134 1084 te
1156 1066 1228 1071 -—
1250 1034 1294 1084 si
1323 1034 1414 1101 qui
1443 1042 1527 1084 est
1568 1035 1622 1084 in
1664 1051 1751 1084 me
1774 1065 1846 1070 —-
1867 1052 1988 1085 meo

249 1125 356 1175 frui
410 1126 598 1176 liceret
656 1132 881 1191 propter
930 1124 1344 1175 molestissimas
1389 1125 1777 1190 occupationes
1820 1141 1984 1175 meas,

253 1215 468 1282 Quibus
512 1216 555 1266 si
596 1232 683 1265 me
725 1215 1211 1265 relaxaro—nam
1253 1222 1313 1264 ut
1356 1214 1516 1280 plane
1560 1214 1834 1264 exsolvam
1877 1231 1986 1264 non

249 1305 482 1371 postulo,
506 1313 652 1355 —te
682 1306 873 1371 ipsum,
908 1305 999 1371 qui
1028 1305 1230 1355 multos
1273 1321 1447 1355 annos
1490 1304 1623 1354 nihil
1661 1305 1806 1355 aliud
1848 1321 1988 1355 com-

249 1396 526 1456 mentariS‚
574 1396 783 1446 docebo
833 1395 1083 1461 profecto
1135 1395 1262 1461 quid
1312 1395 1380 1445 sit
1431 1395 1742 1445 humaniter
1788 1394 1984 1446 vivere.

250 1486 336 1536 Tu
365 1487 527 1536 modo
557 1486 717 1536 istam
748 1485 1183 1536 imbecillitatem
1214 1484 1542 1536 valetudinis
1579 1492 1708 1535 tuae
1737 1492 1990 1536 sustenta

250 1583 304 1626 et
335 1583 506 1636 tuere,
530 1583 589 1626 ut
618 1576 770 1635 facis,
797 1583 856 1625 ut
888 1583 1104 1626 nostras
1135 1575 1287 1626 villas
1318 1575 1469 1626 obire
1499 1582 1554 1625 et
1584 1591 1799 1626 mecum
1828 1574 1988 1625 simul
2038 1575 2041 1577 ’

195 1673 219 1713 6
249 1666 505 1717 lecticula
534 1682 860 1716 concursare
889 1666 1079 1731 possis.
1164 1666 1322 1716 Haec
1350 1666 1417 1715 ad
1448 1672 1505 1715 te
1533 1664 1779 1732 pluribus
1807 1665 1987 1715 verbis

250 1755 442 1822 scripsi
472 1773 633 1822 quam
664 1755 830 1816 sole0,
863 1772 972 1806 non
1004 1755 1081 1805 oti
1122 1755 1473 1816 abundantia,
1508 1755 1604 1805 sed
1633 1755 1829 1806 amoris
1859 1771 1989 1821 erga

249 1853 320 1906 te,
355 1847 500 1912 quod
542 1862 629 1895 me
672 1846 906 1912 quadam
951 1845 1185 1911 epistula
1229 1845 1610 1906 subinvitaras,
1645 1845 1689 1895 si
1729 1845 1988 1895 memoria

249 1944 423 1997 tenes,
459 1943 517 1986 ut
560 1936 627 1986 ad
669 1943 725 1985 te
767 1935 967 2002 aliquid
1012 1935 1280 1986 eiusmodi
1323 1936 1619 1986 scriberem
1658 1952 1765 2001 quo
1807 1935 1986 1985 minus

250 2034 306 2076 te
347 2026 733 2092 praetermisse
774 2025 931 2076 ludos
981 2025 1305 2091 paeniteret.
1400 2025 1565 2092 Quod
1607 2025 1651 2076 si
1692 2025 1987 2075 adsecutus

250 2134 386 2176 sum,
419 2117 658 2182 gaudeo;
702 2115 784 2165 sin
816 2115 1012 2175 minus,
1047 2116 1149 2166 hoc
1184 2132 1272 2165 me
1314 2122 1499 2165 tamen
1543 2114 1809 2175 consolor,
1843 2114 1987 2180 quod

249 2232 407 2271 defend
430 2233 614 2271 Catiline
637 2232 676 2270 in
709 2231 760 2283 65
786 2242 884 2280 B.C.;
917 2232 968 2270 cf.
994 2233 1072 2283 Ep.

251 2289 309 2326 II.
337 2300 368 2325 1.
386 2313 440 2316 -—
457 2295 625 2338 rogatu
656 2299 819 2326 eorum
841 2303 848 2325 :
882 2300 927 2325 as
953 2288 1074 2326 when

250 2344 302 2382 he
325 2343 540 2382 defended
565 2343 761 2381 Vatinius
785 2343 825 2380 in
852 2353 901 2394 54
925 2353 1006 2381 ΒΕ.
1031 2349 1075 2381 at

1165 2233 1249 2284 ally
1269 2233 1387 2283 gives
1413 2245 1466 2270 an
1498 2232 1666 2271 archaic
1697 2231 1901 2282 coloring,
1925 2232 1985 2269 ale.

1165 2288 1238 2326 the
1267 2289 1316 2326 de
1346 2289 1407 2325 Re
1437 2289 1612 2326 Publica
1645 2286 1729 2325 and
1769 2286 1841 2325 the
1876 2287 1986 2325 Oeco-

1164 2345 1365 2381 nomicus.
1426 2343 1532 2381 This
1555 2342 1715 2392 ending
1739 2341 1914 2380 became
1936 2354 1985 2380 so

249 2399 322 2436 the
336 2406 508 2450 request
521 2399 567 2436 of
578 2400 737 2436 Caesar
747 2398 883 2448 (Fam.
903 2409 1007 2448 1.9.1
1017 2399 1073 2448 9),

249 2454 457 2504 although
481 2454 535 2492 he
563 2453 649 2491 had
681 2453 852 2504 bitterly
874 2453 1076 2492 attacked

249 2509 336 2547 him
368 2510 409 2547 in
440 2522 493 2547 an
526 2509 693 2547 oration
727 2508 943 2546 delivered
976 2509 1077 2560 only

249 2571 332 2602 two
355 2577 476 2616 years
508 2564 668 2602 before.

308 2631 340 2671 5.
373 2620 662 2658 humaniter:
704 2618 888 2657 adverbs
920 2620 960 2657 in
982 2621 1078 2657 -z'ter

247 2675 359 2713 from
382 2675 617 2725 adjectives
638 2675 679 2712 in
703 2688 767 2711 -us
788 2687 858 2712 are
890 2675 1077 2724 peculiar

247 2731 288 2768 in
313 2730 397 2768 this
420 2729 568 2780 period
601 2737 645 2767 to
674 2730 905 2780 colloquial
938 2730 1074 2767 Latin.

252 2786 300 2823 In
324 2786 477 2823 Cicero
501 2785 547 2823 of
578 2785 699 2823 these
730 2785 988 2822 formations
1015 2797 1075 2822 we

248 2840 335 2878 find
367 2841 467 2892 only
497 2842 664 2878 naviter
689 2841 785 2890 (Ep.
821 2840 993 2877 XVIII.
1018 2840 1074 2890 3),

241 2896 440 2945 firmiter,
474 2896 719 2933 humaniter
749 2895 834 2932 and
874 2895 929 2933 its
965 2907 1075 2932 com-

248 2951 446 3000 pounds3
489 2950 573 2988 and
616 2951 736 2988 these
776 2950 912 2987 forms
948 2962 1076 2987 occur

248 3007 347 3057 only
377 3006 417 3043 in
453 3006 524 3043 the
559 3007 726 3043 Letters
760 3005 844 3042 and
875 3005 916 3042 in
950 3005 1074 3042 those

249 3061 439 3111 writings
459 3067 502 3098 to
522 3060 658 3098 which
679 3060 830 3098 Cicero
849 3059 1076 3097 intention-

1163 2411 1366 2436 common
1388 2398 1431 2436 in
1457 2398 1758 2436 ecclesiastical
1791 2397 1915 2435 Latin
1940 2409 1986 2434 as

1164 2460 1209 2491 to
1232 2453 1373 2491 crowd
1396 2460 1471 2491 out
1492 2467 1540 2491 -e.

1220 2509 1255 2547 6.
1297 2510 1416 2547 haec
1440 2537 1449 2546 .
1475 2537 1484 2546 .
1509 2537 1519 2546 .
1544 2508 1740 2559 scripsi:
1767 2507 1987 2558 apologies

1163 2571 1206 2602 at
1229 2564 1301 2602 the
1319 2563 1400 2602 end
1419 2563 1466 2601 of
1487 2576 1511 2601 a
1532 2564 1657 2601 letter
1676 2563 1744 2600 for
1763 2563 1817 2601 its
1838 2561 1985 2612 length

1163 2632 1233 2657 are
1255 2632 1303 2657 so
1325 2632 1527 2657 common
1550 2631 1597 2656 as
1619 2625 1664 2656 to
1686 2617 1869 2656 indicate
1893 2617 1986 2655 that

1164 2675 1236 2712 the
1267 2674 1475 2725 etiquette
1507 2673 1553 2711 of
1582 2672 1889 2722 letter-writing
1919 2684 1988 2722 ap-

1162 2729 1325 2780 proved
1348 2729 1394 2767 of
1424 2729 1554 2773 them,
1578 2727 1814 2778 regardless
1836 2727 1883 2765 of
1914 2727 1986 2765 the

1163 2785 1305 2834 length
1331 2784 1378 2822 of
1399 2784 1471 2822 the
1500 2784 1663 2834 epistle.
1713 2783 1778 2821 Cf.
1802 2783 1918 2821 close
1940 2781 1987 2820 of

1165 2841 1242 2889 lep.
1300 2840 1540 2877 XXXVII.
1562 2862 1616 2866 —-
1647 2838 1984 2883 subinvitaras‚

1154 2908 1240 2944 you
1272 2896 1360 2932 had
1386 2895 1542 2933 lzinted.
1612 2894 1674 2944 Cf.
1715 2894 1984 2936 subrusticus,

1166 2951 1242 2999 Ep.
1268 2950 1438 2987 XVIII.
1463 2961 1475 2986 1
1503 2955 1678 2987 n.—ut
1702 2977 1711 2985 .
1739 2976 1747 2985 .
1775 2977 1784 2985 .
1808 2948 1984 2986 scribe-

1163 3017 1277 3050 rem,
1311 3011 1407 3042 etc.:
1451 3004 1604 3042 Cicero
1645 3015 1740 3054 may
1772 3002 1984 3040 therefore

1165 3059 1274 3097 have
1303 3058 1587 3109 exaggerated
1618 3058 1684 3096 his
1706 3057 1886 3096 distaste
1916 3056 1985 3094 for
