2067 3332
103 111 190 148 Att.
218 121 250 148 1.
278 108 360 161 16.]
663 109 941 149 CICERO’S
986 111 1274 151 LETTERS.
1798 115 1848 154 21

103 266 228 314 rem
251 266 453 311 meum,
486 250 555 300 de
585 249 743 300 cuius
774 249 1025 301 oratione
1055 267 1186 318 erga
1216 269 1303 303 me
1339 253 1644 305 honorifica
1683 255 1750 305 ad
1794 262 1850 306 te

103 339 460 406 scripseram:
503 339 670 391 biduo
699 356 798 406 per
827 357 996 390 unum
1037 358 1273 403 servum,
1308 350 1363 394 et
1406 360 1531 394 eum
1576 361 1643 395 eX
1683 344 1851 412 gladi-

103 430 279 482 atorio
309 430 455 492 lud0,
490 430 734 482 confecit
765 437 946 481 toturn
978 432 1294 498 negotium:
1336 434 1624 485 arcessivit
1668 436 1735 486 ad
1771 453 1846 497 se,

102 520 374 589 promisit,
408 520 744 582 intercessit,
778 520 957 583 dedit;
1000 521 1106 572 iarn
1136 540 1267 574 vero
1289 557 1364 562 —
1387 541 1418 575 o
1456 525 1511 575 di
1553 525 1701 587 boni,
1734 543 1848 577 rem

103 611 694 680 perditaml-—etiam
750 619 946 663 noctes
1003 621 1279 665 certarum
1335 615 1627 667 mulierum
1683 625 1850 684 atque

102 702 653 754 adulescentulorum
712 702 982 753 nobilium
1054 703 1499 758 introductiones
1566 708 1849 760 nonnullis

102 793 379 845 iudicibus
423 810 522 860 pro
566 793 838 845 mercedis
881 794 1103 845 cumulo
1145 795 1388 848 fuerunt.
1494 798 1595 859 Ita,
1633 806 1850 850 summo

102 884 355 936 discessu
403 885 694 946 bonorum,
739 884 905 951 pleno
954 885 1076 942 foro
1127 902 1427 948 servorum,
1480 904 1597 939 XXV
1641 889 1850 942 iudices

103 975 179 1026 ita
206 975 383 1027 fortes
422 983 611 1026 tamen
640 975 869 1026 fuerunt
914 983 974 1027 ut
1017 993 1235 1028 summo
1277 978 1561 1045 proposito
1604 980 1850 1046 periculo

100 1066 188 1118 vel
233 1066 413 1133 perire
458 1065 754 1117 maluerint
799 1084 963 1134 quam
1013 1067 1248 1134 perdere
1289 1069 1500 1121 omnia:
1554 1085 1692 1120 XXXI
1733 1071 1850 1122 fue-

102 1164 230 1208 runt
270 1174 409 1225 quos
439 1157 617 1208 fames
661 1157 839 1225 magis
882 1175 1047 1225 quarn
1088 1158 1237 1210 fama
1278 1169 1675 1234 commoxeeret;
1721 1180 1850 1229 quo-

65 1269 72 1276 ‘
102 1265 223 1299 rum
256 1247 489 1300 Catulus
520 1265 646 1299 cum
675 1247 910 1299 vidisset
939 1249 1233 1316 quendam,
1271 1259 1283 1281 ‘
1304 1250 1452 1317 Quid
1482 1250 1615 1312 VOS,’
1648 1252 1845 1320 inquit,

105 1338 466 1406 ‘praesidium
496 1355 527 1390 a
556 1339 717 1390 nobis
748 1338 1159 1406 postulabatis?
1223 1339 1319 1391 An
1349 1358 1420 1391 ne
1450 1342 1662 1393 nummi
1690 1343 1848 1394 vobis

101 1429 453 1496 eriperentur
493 1428 851 1481 timebatis?’
939 1430 1151 1491 Habes,
1200 1438 1260 1482 ut
1304 1431 1630 1484 brevissime
1674 1434 1863 1500 potui,

101 1537 280 1588 genus
336 1520 505 1572 iudici
554 1528 610 1572 et
667 1537 890 1572 causam
936 1521 1319 1574 absolutionis.
1419 1523 1657 1590 Quaeris
1701 1524 1850 1575 dein-

101 1629 232 1679 ceps
262 1611 356 1679 qui
386 1629 534 1664 nunc
564 1611 636 1663 sit
675 1619 857 1663 status
901 1629 1082 1663 rerum
1129 1620 1184 1664 et
1214 1613 1309 1680 qui
1350 1631 1525 1667 meus,
1611 1615 1717 1666 Rei
1755 1633 1849 1682 pu-

101 1702 277 1754 blicae
321 1710 529 1754 statum
572 1702 744 1764 illum,
778 1720 943 1770 quem
973 1710 1034 1754 tu
1077 1720 1201 1754 meo
1246 1704 1494 1766 consilio,
1528 1722 1631 1773 ego
1661 1705 1849 1758 divino

102 1794 490 1846 confirmatum
521 1794 802 1861 putabam,
836 1794 931 1862 qui
960 1795 1234 1846 bonorum
1265 1796 1513 1846 omnium
1544 1797 1851 1849 coniuncti-

101 1902 207 1936 one
255 1892 310 1936 et
360 1884 695 1936 auctoritate
745 1885 1070 1937 consulatus
1121 1885 1230 1937 mei
1278 1887 1420 1937 fixus
1470 1894 1525 1937 et
1579 1887 1847 1940 fundatus

99 1975 406 2038 videbatur,
440 1975 549 2027 nisi
578 1975 701 2043 quis
741 1993 843 2027 nos
874 1977 1011 2028 deus
1054 1978 1379 2043 respexerit,
1415 1977 1662 2044 elapsum
1706 1979 1847 2031 scito

99 2083 224 2118 esse
259 2067 327 2118 de
369 2066 626 2118 manibus
670 2084 781 2118 uno
823 2067 929 2119 hoc
972 2067 1192 2129 iudiciO,
1227 2068 1273 2119 si
1316 2068 1582 2120 iudicium
1626 2078 1712 2121 est
1754 2070 1846 2121 tri-

96 2157 255 2225 ginta
296 2157 552 2209 homines
595 2158 784 2225 populi
829 2159 1071 2209 Romani
1113 2158 1427 2211 levissimos
1470 2177 1534 2211 ac
1576 2161 1847 2228 nequissi-

98 2265 217 2300 mos
247 2248 549 2300 nummulis
580 2248 826 2315 acceptis
855 2249 940 2300 ius
970 2267 1033 2301 ac
1061 2250 1146 2301 fas
1177 2267 1341 2301 omne
1370 2250 1556 2302 delere
1591 2259 1662 2313 et,
1697 2253 1845 2319 quod

98 2366 282 2406 Crassus
326 2367 685 2420 complimentary
724 2373 769 2406 to
810 2367 927 2415 him3
1015 2369 1294 2407 wz'tlzdrawal
1322 2370 1374 2420 of
1396 2370 1460 2407 all
1491 2370 1637 2408 honest
1665 2384 1847 2409 men.—

97 2422 171 2461 the
212 2423 368 2468 clause,
406 2424 464 2462 de
512 2424 649 2463 cuius
696 2424 926 2470 oratione,
1017 2436 1138 2474 quos
1171 2424 1326 2463 fames
1359 2425 1516 2476 magis
1539 2437 1683 2476 quam
1716 2426 1845 2465 fama

96 2485 190 2524 etc.‚
228 2478 385 2525 shows,
420 2479 649 2524 therefore,
687 2479 782 2517 that
819 2479 928 2518 Cal·
1016 2486 1354 2525 commoveret,
1373 2481 1469 2519 wlzo
1485 2494 1592 2518 were
1608 2482 1851 2532 influenced

95 2546 210 2574 vum
252 2534 385 2574 refers
422 2540 467 2573 to
505 2535 701 2574 Crassus.
772 2536 929 2574 Calvus
1015 2549 1128 2574 more
1160 2536 1207 2586 by
1244 2536 1431 2585 hunger
1459 2537 1565 2574 than
1597 2537 1645 2587 by
1680 2537 1842 2575 lzonor.

97 2602 182 2628 was
213 2591 469 2642 apparently
489 2603 515 2629 a
539 2590 769 2629 nickname
800 2590 927 2641 given
1015 2591 1082 2630 Cf.
1118 2592 1219 2629 Intr.
1257 2592 1654 2642 103.-—Catu1us:
1691 2594 1844 2632 consul

96 2651 142 2684 to
185 2646 382 2692 Crassus,
423 2646 610 2697 perhaps
655 2646 841 2686 because
881 2646 928 2685 of
1012 2647 1054 2685 in
1082 2647 1133 2696 78
1165 2656 1246 2685 R.C.
1308 2646 1375 2685 Cf.
1400 2647 1488 2686 Cic.
1511 2649 1560 2686 de
1578 2649 1664 2698 lege
1683 2649 1842 2688 Mam'l.

95 2701 161 2740 his
197 2701 412 2741 baldness.
435 2726 486 2730 —
512 2714 568 2740 ex
607 2702 926 2741 Nanneianis:
1016 2714 1077 2755 51.

95 2756 127 2795 if
157 2757 229 2796 the
258 2757 433 2809 reading
461 2758 497 2796 is
529 2764 706 2805 correct,
728 2771 754 2797 a
785 2758 927 2797 thrust
1068 2757 1104 2797 6.
1152 2760 1386 2798 bonorum
1453 2760 1669 2799 omniurn
1729 2771 1844 2800 con-

95 2819 138 2851 at
171 2814 368 2860 Crassus,
410 2813 678 2853 understood
721 2814 777 2867 by
817 2814 927 2853 Atti·
1013 2814 1275 2854 iunctione:
1314 2815 1467 2853 Cicero
1489 2815 1639 2866 prided
1670 2815 1845 2856 himself

95 2881 170 2908 cus
209 2868 287 2908 but
337 2869 649 2920 unintelligible
700 2876 745 2908 to
797 2883 928 2909 us.—-
1014 2884 1129 2921 upon
1181 2871 1254 2909 the
1304 2871 1627 2910 reconciliation
1673 2871 1721 2910 of
1769 2873 1842 2912 the

96 2925 366 2964 arcessivit:
421 2940 472 2964 sc.
519 2926 926 2965 iudices.—inter-
1011 2933 1208 2964 senators
1249 2926 1334 2964 and
1383 2925 1562 2977 knights
1597 2927 1735 2967 which
1775 2929 1841 2968 his

96 2981 262 3019 cessit:
303 2983 363 3018 zze.
395 2993 504 3031 gave
539 2982 724 3033 security
753 2981 821 3020 for
853 2982 924 3020 the
1011 2982 1261 3032 consulship
1279 2981 1365 3020 had
1387 2981 1574 3033 brought
1592 2983 1740 3023 about.
1773 2985 1839 3023 Cf.

95 3043 311 3087 payment.
344 3059 399 3064 -—
432 3048 624 3075 summo
702 3037 922 3076 discessu
1012 3037 1156 3075 Cic.in
1177 3038 1491 3089 Cat.4.15.—si
1507 3039 1735 3079 iudicium
1752 3047 1840 3088 est,

96 3091 345 3139 bonorum,
412 3092 793 3143 notwithstanding
855 3093 924 3130 tlze
1010 3098 1103 3138 etc.‚
1118 3093 1164 3143 {f
1174 3094 1210 3130 it
1225 3106 1304 3131 can
1325 3093 1368 3131 be
1388 3094 1527 3131 called
1542 3107 1568 3132 a
1590 3096 1698 3133 trial
1717 3096 1840 3134 wlzen
