2067 3332
794 164 1072 206 CICERO'S
1116 165 1404 205 LETTERS.

229 168 310 210 252
1567 166 1667 218 [Ep.
1692 168 1968 207 LXXXVII.

230 309 566 376 respondere
610 315 667 358 te
720 323 860 373 quae
904 305 1075 356 facias
1132 313 1230 356 tuo
1274 305 1475 356 iudicio
1522 315 1576 356 et
1621 313 1717 357 tua
1771 315 1969 375 sponte

229 400 428 460 facere,
456 415 559 449 nec
583 397 904 463 cuiusquam
933 412 1098 463 egere
1122 394 1368 457 consiliO,
1393 403 1581 447 tamen
1605 413 1785 464 neque
1807 398 1970 465 plane

230 489 513 541 adsentior
541 504 611 539 ne
652 487 974 537 imminuam
1018 493 1170 537 tuam
1213 486 1448 547 laudern,
1481 486 1529 537 si
1565 487 1743 538 omnis
1773 505 1804 539 a
1832 489 1970 539 meis

230 580 472 632 consiliis
502 578 758 646 profecta
785 577 1049 637 videatur,
1077 593 1256 643 neque
1278 576 1436 628 valde
1466 593 1641 644 nego;
1671 594 1792 628 sum
1822 578 1969 630 enim

229 671 436 722 avidior
464 670 629 720 etiam
672 686 836 736 quam
867 667 1000 719 satis
1031 675 1115 718 est
1155 666 1377 734 gloriae,
1405 674 1459 718 et
1490 674 1677 718 tamen
1706 685 1817 719 non
1848 669 1970 720 alie-

229 779 362 812 num
406 768 490 811 est
533 759 807 826 dignitate
850 766 960 819 tua,
993 758 1140 825 quod
1183 757 1286 824 ipsi
1314 757 1742 824 Agamemnoni,
1776 776 1968 826 regum

230 852 360 918 regi,
406 850 512 901 fuit
555 850 869 909 honestum,
917 848 1120 899 habere
1165 847 1404 914 aliquem
1451 847 1506 898 in
1550 848 1792 899 consiliis
1831 850 1969 916 capi-

229 942 386 993 endis
419 942 734 1001 Nestorem,
767 939 903 990 mihi
932 955 1061 989 vero
1103 937 1403 1005 gloriosum
1445 946 1503 989 te
1545 937 1800 989 iuvenem
1844 956 1969 990 con-

230 1032 406 1083 sulem
436 1031 632 1082 florere
660 1030 916 1081 laudibus
946 1029 1104 1096 quasi
1133 1028 1417 1080 alumnum
1443 1028 1765 1095 disciplinae
1794 1046 1965 1083 meae.

173 1135 198 1178 3
233 1124 294 1174 L.
343 1123 565 1190 quidem
613 1121 833 1181 Caesar,
880 1137 1004 1171 cum
1055 1120 1123 1170 ad
1166 1136 1291 1169 eum
1336 1126 1624 1185 aegrotum
1675 1119 1965 1186 Neapolim

228 1214 522 1273 venissem,
580 1228 912 1278 quamquam
969 1217 1085 1261 erat
1140 1227 1439 1277 oppressus
1495 1209 1668 1260 totius
1723 1211 1967 1277 corporis

229 1303 508 1354 doloribus
557 1310 760 1362 tamen,
808 1308 939 1352 ante
981 1318 1144 1367 quam
1194 1317 1282 1352 me
1337 1299 1499 1367 plane
1556 1299 1829 1362 salutavit,
1881 1301 1964 1353 ‘O

229 1394 305 1444 mi
348 1391 576 1453 Cicer0,'
622 1392 816 1458 inquit,
868 1391 1151 1458 ‘gratulor
1211 1390 1313 1442 tibi
1369 1408 1493 1442 cum
1549 1398 1767 1441 tantum
1816 1391 1966 1443 vales

227 1485 373 1551 apud
417 1482 781 1542 Dolabellam,
815 1489 1084 1548 quantum
1128 1481 1174 1532 si
1216 1497 1318 1548 ego
1361 1481 1505 1547 apud
1549 1481 1751 1532 sororis
1794 1481 1963 1532 filium

227 1574 483 1634 valerem,
517 1574 624 1623 iam
655 1572 792 1623 salvi
824 1589 946 1623 esse
976 1588 1300 1638 possemus3
1345 1571 1669 1623 Dolabellae
1696 1588 1826 1622 vero
1867 1579 1963 1622 tuo

228 1672 284 1715 et
314 1663 563 1731 gratulor
591 1671 645 1714 et
676 1662 882 1729 gratias
912 1679 1033 1729 ag0‚
1066 1678 1229 1729 quem
1260 1661 1482 1728 quidem
1523 1669 1647 1728 post
1686 1669 1742 1712 te
1772 1679 1964 1713 consu-

227 1754 335 1806 lem
379 1754 555 1805 solum
610 1769 906 1819 possumus
950 1768 1078 1802 vere
1121 1751 1403 1803 consulem
1446 1751 1661 1804 dicere.’
1745 1753 1965 1804 Deinde

227 1844 404 1896 multa
431 1845 498 1894 de
527 1844 676 1894 facto
706 1860 768 1894 ac
792 1843 861 1893 de
890 1859 948 1893 re
977 1850 1136 1909 gesta
1164 1850 1291 1893 tua:
1334 1842 1469 1892 nihil
1499 1843 1960 1910 magnificentius,

228 1935 365 1985 nihil
395 1934 728 2001 praeclarius
759 1941 943 1984 actum
979 1950 1236 2000 unquam,
1270 1932 1407 1983 nihil
1449 1933 1528 1984 rei
1569 1951 1619 1999 p.
1653 1934 1959 1986 salutarius,

172 2051 197 2088 4
229 2025 421 2092 Atque
450 2025 586 2075 haec
618 2041 726 2074 una
753 2041 859 2073 vox
888 2023 1134 2073 omnium
1165 2030 1264 2074 est.
1348 2022 1405 2073 A
1434 2030 1490 2074 te
1519 2031 1703 2074 autern
1745 2032 1874 2091 peto
1903 2032 1962 2075 ut

228 2132 315 2166 me
345 2115 486 2166 hanc
517 2114 671 2180 quasi
698 2113 893 2164 falsam
924 2113 1289 2163 hereditatem
1319 2112 1529 2165 alienae
1569 2113 1773 2182 gloriae
1815 2115 1963 2166 sinas

228 2222 471 2266 cernere,
518 2221 716 2270 meque
761 2203 942 2270 aliqua
984 2220 1048 2254 eX
1082 2211 1237 2269 parte
1281 2204 1335 2254 in
1379 2204 1698 2255 societatem
1743 2212 1961 2256 tuarum

227 2296 450 2346 laudum
491 2295 682 2345 venire
723 2294 946 2359 patiare.
1046 2294 1413 2360 Quamquam,
1459 2294 1534 2344 mi
1588 2295 1964 2346 Dolabella—

228 2386 364 2437 haec
419 2384 567 2435 enim
624 2384 835 2435 iocatus
893 2383 1397 2436 sum—libentius
1452 2401 1645 2436 omnes
1699 2402 1865 2446 meaS‚
1919 2385 1964 2436 si

1134 2523 1251 2561 sions
1266 2523 1314 2561 of
1329 2523 1532 2569 emotion,
1550 2529 1643 2569 etc.‚
1661 2523 1696 2562 is
1716 2524 1884 2574 regular
1901 2523 1963 2561 till

1135 2578 1245 2616 after
1268 2578 1458 2617 Cicero’s
1481 2578 1849 2618 time—sororis
1876 2578 1964 2616 fili-

285 2536 320 2563 2.
374 2525 661 2564 Nestorem:
725 2522 924 2562 Nestor’s
974 2536 1053 2574 age

227 2580 312 2619 and
362 2580 610 2630 experience
660 2578 786 2617 made
835 2578 924 2616 him
980 2579 1053 2617 the

228 2635 460 2686 privileged
495 2635 725 2673 counselor
755 2634 801 2672 of
836 2634 902 2672 his
934 2646 1053 2672 more

228 2691 427 2742 youthful
450 2691 643 2741 superior
672 2691 1053 2740 Agamemnon.-

228 2747 451 2785 iuvenem
498 2746 746 2784 consulem
766 2760 773 2782 :
825 2744 1053 2783 Dolabella

227 2801 311 2839 had
344 2801 451 2840 been
474 2800 694 2839 advanced
725 2807 770 2839 to
794 2800 865 2838 the
888 2800 1053 2838 consul-

227 2857 322 2907 ship
340 2857 394 2909 by
410 2857 572 2895 Caesar
592 2856 741 2895 before
758 2855 959 2906 reaching
980 2855 1052 2893 the

227 2924 306 2962 age
328 2912 524 2963 required
545 2912 601 2963 by
621 2912 713 2950 law.

283 2978 320 3018 3.
364 2969 418 3005 L.
445 2969 646 3006 Caesar:
669 2967 720 3005 cf.
741 2967 819 3017 Ep.
844 2966 876 3004 Ι.
903 2978 923 3004 2
946 2978 1054 3003 n.—

228 3032 338 3060 cum
373 3051 382 3060 .
416 3051 426 3060 .
460 3052 467 3060 .
504 3023 661 3061 vales:
707 3022 779 3060 the
821 3021 1053 3059 indicative

229 3077 329 3116 with
350 3091 442 3116 cum
468 3078 733 3128 explicative,
757 3077 866 3115 after
888 3089 1050 3127 expres-

1134 2645 1240 2672 um:
1283 2635 1343 2671 i.e.
1378 2635 1578 2685 Antony;
1610 2634 1664 2672 cf.
1695 2635 1773 2684 Ep.
1812 2634 1845 2671 1.
1872 2645 1892 2671 2
1922 2646 1963 2670 n.

1192 2701 1228 2736 4.
1270 2689 1587 2727 hereditatem
1621 2717 1631 2726 .
1659 2717 1669 2727 .
1697 2717 1707 2727 .
1740 2699 1960 2727 cernere:

1138 2756 1164 2782 a
1185 2743 1396 2782 technical
1420 2750 1526 2782 term
1549 2742 1655 2781 used
1685 2743 1732 2781 of
1761 2756 1842 2781 one
1864 2743 1960 2781 who

1138 2800 1291 2838 wishes
1327 2806 1372 2838 to
1408 2805 1556 2849 accept
1589 2811 1642 2837 an
1682 2799 1956 2837 inheritance.

1137 2856 1323 2893 —haec
1360 2854 1543 2893 iocatus
1585 2866 1715 2893 sum:
1761 2855 1821 2892 i.e.
1863 2854 1962 2892 lzaec

1138 2911 1305 2948 iocandi
1333 2923 1457 2948 causa
1488 2910 1610 2955 dixi,·
1641 2909 1693 2947 cf.
1725 2909 1957 2960 defendam,

1139 2966 1217 3015 Ep.
1252 2965 1371 3003 XCI.
1405 2977 1425 3013 7
1461 2978 1519 3012 n.;
1550 2966 1597 3002 in
1638 2965 1754 3002 Verr.
1786 2964 1824 3002 ii.
1852 2975 1884 3001 Ι.
1908 2974 1954 3012 71
2004 3000 2019 3014 .

1138 3021 1251 3071 quod
1266 3021 1556 3069 z'nte777ellavit
1572 3019 1635 3070 (=
1657 3018 1961 3069 interpellandi

1138 3089 1262 3113 causa
1283 3075 1420 3126 dixit)
1445 3076 1709 3113 Hortensius.
