2067 3332
236 216 287 255 10
800 215 1078 255 CICERo’s
1122 204 1412 256 LETTERS.
1764 219 1863 271 [Ep.
1888 220 1972 259 111.

233 364 452 407 veteres
496 355 688 417 hostiS‚
735 372 907 406 novos
962 355 1168 407 amicos
1211 356 1573 408 vehementer
1614 356 1815 409 litteris
1858 375 1974 425 per-

235 445 419 496 culsos
449 453 615 513 atque
645 462 710 496 ex
740 462 941 512 magna
983 462 1079 512 spe
1121 446 1445 497 deturbatos
1487 446 1679 499 iacere.
1763 447 1857 499 Ad
1886 465 1974 500 me

234 544 420 586 autem
451 536 664 587 litteras
686 521 830 603 ‘quas
859 535 1076 597 misisti,
1111 553 1442 604 quamquam
1483 536 1737 604 exiguam
1769 538 1973 605 signifi-

235 626 508 677 cationem
539 634 668 677 tuae
699 643 829 694 erga
858 643 945 679 me
969 626 1274 677 voluntatis
1303 626 1598 688 habebant,
1622 635 1810 678 tamen
1839 628 1975 679 mihi

236 717 375 767 scito
405 716 672 767 iucundas
708 716 908 779 fuisse;
951 716 1102 768 nulla
1144 716 1291 767 enim
1334 733 1392 767 re
1433 723 1545 768 tam
1589 716 1781 768 laetari
1825 718 1973 770 soleo

235 824 398 873 quam
428 824 674 857 meorum
706 807 1009 857 officiorum
1049 807 1405 869 conscientia,
1438 807 1636 874 quibus
1681 807 1726 858 si
1756 809 1973 874 quando

235 914 347 947 non
389 904 580 947 mutue
623 898 1006 963 respondetur,
1054 897 1197 963 apud
1242 913 1329 947 me
1378 896 1501 964 plus
1545 897 1690 948 offici
1733 897 1974 949 residere

234 987 495 1038 facillime
543 987 736 1054 patior.
806 987 968 1037 ‘Illud
1019 1004 1129 1038 non
1181 987 1391 1048 dubito,
1440 987 1590 1054 quin,
1639 987 1686 1038 si
1741 994 1797 1038 te
1852 1005 1974 1040 mea

236 1095 451 1128 summa
484 1095 615 1145 erga
655 1085 712 1128 te
755 1077 938 1128 studia
980 1095 1171 1144 parum
1214 1077 1349 1128 mihi
1389 1078 1757 1140 adiunxerint,
1791 1096 1878 1130 res
1920 1097 1969 1146 p.

236 1185 337 1218 nos
367 1168 512 1219 inter
541 1185 643 1219 nos
678 1168 1036 1220 conciliatura
1079 1168 1552 1234 coniuncturaque
1596 1167 1682 1220 sit.
1768 1168 1871 1230 Ac,
1904 1186 1974 1220 ne

238 1258 459 1324 ignores
501 1258 630 1325 quid
674 1275 776 1325 ego
819 1258 875 1308 in
918 1258 1029 1308 tuis
1079 1258 1282 1308 litteris
1326 1258 1702 1319 desiderarim,
1737 1259 1973 1312 scribam

237 1355 442 1414 aperte,
476 1348 618 1399 sicut
649 1356 703 1399 et
734 1365 857 1399 mea
885 1356 1082 1399 natura
1111 1355 1166 1398 et
1202 1355 1393 1398 nostra
1427 1347 1669 1398 amicitia
1710 1347 1971 1414 postulat.

240 1439 355 1489 Res
380 1455 471 1489 eas
496 1439 660 1505 gessi,
686 1456 916 1506 quarum
941 1438 1180 1505 aliquam
1210 1438 1266 1488 in
1296 1437 1407 1505 tuis
1437 1438 1640 1488 litteris
1666 1445 1720 1488 et
1751 1444 1974 1489 nostrae

238 1529 667 1580 necessitudinis
698 1536 752 1579 et
788 1529 867 1579 rei
895 1547 945 1595 p.
979 1546 1144 1580 causa
1182 1527 1610 1595 gratulationem
1642 1527 1971 1594 exspectavi,

239 1630 401 1679 quam
457 1630 559 1680 ego
605 1614 702 1664 abs
756 1621 813 1664 te
867 1613 1314 1680 praetermissam
1366 1629 1488 1664 esse
1544 1613 1780 1663 arbitror
1829 1613 1975 1681 quod

237 1704 499 1754 verebare
543 1721 612 1754 ne
658 1704 813 1754 cuius
864 1703 1108 1754 animum
1159 1703 1501 1766 offenderes3
1558 1703 1654 1754 sed
1701 1703 1839 1754 scito
1894 1719 1971 1764 ea,

240 1810 379 1860 quae
407 1810 508 1844 nos
537 1811 635 1860 pro
666 1793 845 1845 salute
873 1794 1083 1860 patriae
1112 1793 1405 1861 gessimus,
1439 1793 1588 1844 orbis
1631 1801 1812 1844 terrae
1844 1793 1976 1844 iudi-
2051 1826 2053 1829 -

241 1882 324 1933 cio
354 1901 416 1934 ac
437 1883 767 1950 §testimonio
811 1884 1170 1950 comprobari,
1206 1900 1361 1950 quae,
1396 1901 1520 1935 cum
1549 1883 1783 1944 veneris,
1816 1890 1974 1934 tanto

241 1973 470 2024 consilio
503 1981 770 2041 tantaque
813 1974 982 2024 animi
1023 1973 1408 2040 magnitudine
1450 1991 1481 2024 a
1522 1990 1610 2024 me
1652 1981 1812 2040 gesta
1853 1989 1977 2024 esse

241 2080 560 2129 cognosceS,
595 2071 653 2114 ut
697 2063 815 2124 tibi,
847 2064 1021 2114 multo
1064 2063 1256 2114 maiori
1297 2081 1459 2130 quam
1503 2063 1807 2114 Africanus
1848 2062 1971 2124 fuit,

239 2201 428 2233 veteres
464 2195 634 2242 hostis,
667 2207 818 2234 novos
855 2196 1060 2234 amicos:
1148 2208 1207 2234 ne
1241 2225 1250 2234 .
1284 2225 1294 2234 .
1328 2225 1337 2234 .
1372 2196 1644 2235 offenderes
1691 2195 1833 2234 shows
1878 2195 1972 2233 that

241 2250 313 2288 the
335 2250 590 2295 democrats‚
609 2250 830 2302 probably,
849 2257 894 2288 to
917 2251 1061 2289 whose

241 2312 420 2356 support
445 2307 633 2358 Pompey
655 2305 776 2344 owed
802 2306 866 2344 his
888 2312 1061 2356 present

240 2361 442 2411 position.
517 2361 729 2413 Probably
768 2361 840 2399 the
880 2361 1062 2414 friendly

242 2422 343 2455 tone
383 2416 429 2454 of
472 2416 699 2468 Pompey’s
738 2417 863 2455 letter
903 2423 948 2455 to
989 2417 1062 2456 the

241 2478 387 2510 senate
410 2471 534 2510 made
560 2472 676 2510 them
698 2472 789 2510 sear
809 2485 862 2510 an
885 2473 1062 2511 alliance

242 2526 432 2565 between
470 2528 657 2579 Pompey
687 2527 771 2565 and
808 2528 901 2566 that
936 2527 1061 2580 body.

241 2606 296 2610 —
309 2582 478 2629 iacere,
501 2597 574 2620 are
594 2584 904 2622 overwlzelmed.

300 2649 334 2674 2.
367 2649 474 2676 rnea
509 2667 518 2676 .
556 2667 565 2676 .
601 2667 611 2676 .
651 2639 833 2677 studia:
876 2639 1065 2678 Cicero's

244 2692 391 2731 efforts
423 2693 464 2730 in
495 2693 642 2731 behalf
672 2694 718 2731 of
754 2694 826 2733 the
859 2694 1065 2732 Manilian

242 2748 333 2791 law,
356 2748 422 2786 his
444 2748 661 2800 advocacy
678 2749 724 2786 of
746 2762 771 2787 a
790 2756 957 2787 senatus
977 2763 1066 2787 con-

242 2804 399 2840 sultam
437 2803 661 2854 decreeing
696 2817 721 2842 a
761 2804 1067 2854 thanksgiving

245 2857 291 2895 of
319 2870 366 2896 10
392 2857 495 2910 days
523 2859 564 2896 in
596 2859 736 2897 honor
763 2859 809 2897 of
841 2859 1067 2911 Pompey's

244 2913 441 2951 victories
482 2914 521 2951 in
564 2914 636 2952 the
678 2915 784 2953 East
828 2914 896 2964 (cf.
937 2916 1066 2952 Prov.

249 2969 366 3005 Cous.
392 2969 474 3018 27),
498 2981 544 3007 as
567 2969 658 3007 well
688 2982 734 3008 as
757 2970 928 3008 various
957 2982 1067 3008 com-

244 3023 498 3075 plimentary
532 3023 673 3073 public
707 3031 962 3070 utteranceS,
995 3037 1066 3074 eg.

249 3079 335 3115 Cat.
359 3090 395 3124 4.
421 3089 482 3115 21.

301 3143 336 3182 3.
371 3133 417 3172 in
454 3133 549 3173 tuis
582 3133 775 3173 litteris:
818 3134 890 3173 the
925 3135 1068 3173 clause

1150 2251 1302 2290 Cicero
1320 2251 1354 2289 is
1372 2251 1576 2301 referring
1591 2258 1635 2289 to
1656 2250 1882 2303 Pompey’s
1899 2251 1971 2288 let-

1149 2313 1213 2345 ter
1242 2313 1287 2345 to
1319 2306 1392 2345 the
1427 2313 1574 2345 senate
1611 2305 1968 2357 (B'ockel).——ne

1151 2391 1161 2401 .
1187 2391 1197 2401 .
1221 2391 1231 2400 .
1254 2362 1555 2401 offenderes:
1587 2361 1712 2399 those
1739 2360 1834 2399 who
1865 2373 1973 2412 sym-

1149 2417 1349 2468 pathized
1366 2417 1465 2456 with
1483 2417 1556 2456 the
1579 2416 1857 2455 Catilinarian
1878 2428 1973 2454 con-

1149 2473 1368 2524 spirators,
1398 2472 1524 2511 those
1555 2472 1651 2510 who
1682 2484 1739 2510 on
1770 2471 1972 2510 constitu-

1151 2528 1283 2567 tional
1305 2527 1498 2579 grounds
1527 2526 1721 2578 opposed
1752 2526 1861 2565 their
1881 2538 1972 2565 exe-

1150 2583 1310 2629 cution,
1332 2583 1405 2622 the
1436 2582 1680 2622 democrats
1709 2582 1752 2620 in
1783 2581 1968 2632 general,

1152 2638 1237 2677 and
1256 2638 1444 2677 Cicero’s
1461 2637 1649 2677 enemies
1665 2638 1707 2675 in
1729 2637 1970 2688 particular,

1151 2693 1294 2732 would
1325 2694 1434 2732 have
1455 2694 1510 2732 all
1542 2693 1671 2731 taken
1704 2691 1908 2742 umbrage
1937 2690 1972 2729 if

1155 2750 1345 2801 Pompey
1384 2748 1471 2787 had
1524 2747 1743 2799 approved
1783 2746 1973 2785 Cicero's

1152 2816 1304 2842 course
1326 2804 1367 2842 in
1395 2803 1448 2855 63
1471 2802 1761 2842 13.c.—orbis
1792 2808 1972 2841 terrae:

1153 2860 1225 2898 the
1247 2860 1381 2898 entire
1403 2858 1549 2904 world,
1572 2858 1693 2896 while
1715 2858 1824 2895 orbis
1843 2863 1973 2895 terra-

1153 2928 1250 2952 rum
1283 2913 1490 2952 indicates
1522 2913 1594 2952 the
1628 2914 1795 2951 Roman
1826 2910 1972 2950 world.
2040 2930 2046 2936 ·

1153 2969 1248 3007 The
1270 2969 1424 3019 phrase
1443 2967 1669 3020 employed
1685 2967 1785 3006 here
1801 2967 1837 3006 is
1856 2965 1973 3012 used,

1154 3024 1381 3070 therefore,
1413 3031 1458 3063 to
1491 3028 1744 3074 exaggerate
1786 3021 1974 3060 Cicero's

1154 3079 1345 3117 fame.—
1361 3079 1618 3118 Africanus
1637 3107 1647 3116 .
1669 3108 1678 3118 .
1700 3106 1709 3116 .
1731 3076 1973 3116 Laelium:

1157 3134 1316 3181 Bockel
1348 3140 1515 3186 quotes,
1546 3134 1587 3172 in
1625 3132 1897 3184 explanation
1929 3129 1976 3168 of
2048 3175 2051 3178 y
