2067 3332
64 168 180 210 filzm.
208 178 268 219 15.
292 166 350 219 4.]
623 165 902 205 CICERO‘S
946 166 1235 206 LETTERS.
1735 169 1813 211 127

62 307 347 358 Amanum
398 315 452 357 et
502 314 834 373 perpetuum
878 306 1098 357 hostem
1143 323 1209 357 ex
1250 324 1315 358 eo
1359 315 1550 359 monte
1598 308 1809 372 tollere,

61 415 226 465 agere
281 397 512 464 perrexi.
610 396 865 464 Cumque
914 414 1002 448 me
1051 398 1340 449 discedere
1389 400 1457 450 ab
1507 416 1571 450 eo
1621 409 1812 452 monte

62 488 412 539 simulassem
451 496 504 538 et
548 488 680 539 alias
724 487 896 554 partis
941 487 1170 539 Ciliciae
1204 497 1412 560 petere,
1445 490 1812 559 abessemque

61 579 129 630 ab
159 578 384 629 Amano
420 579 526 629 iter
564 578 729 629 unius
768 578 877 628 diei
917 585 972 628 et
1011 586 1195 630 castra
1236 580 1381 646 apud
1426 580 1811 648 Epiphaneam

59 669 337 730 fecissem,
370 687 416 720 a.
449 670 499 721 d.
534 685 620 719 1111
653 669 732 720 Id.
767 668 913 730 Oct„
948 686 1073 720 cum
1116 670 1621 737 advesperasceret,
1654 689 1811 739 expe-

59 760 175 811 dito
219 760 465 811 exercitu
509 760 586 810 ita
628 767 797 811 noctu
842 759 948 810 iter
989 759 1100 811 feci
1142 769 1202 811 ut
1246 778 1290 812 a.
1330 762 1379 813 d.
1427 778 1490 812 111
1534 763 1614 815 Id.
1662 763 1808 824 Oct,

60 868 184 902 cum
215 851 526 912 lucisceret,
560 850 615 900 in
646 850 934 901 Amanum
973 852 1350 913 ascenderem,
1385 853 1812 921 distributisque

60 941 383 992 cohortibus
414 949 468 992 et
504 941 737 1001 auxiliiS,
774 958 901 992 cum
944 941 1066 992 aliis
1113 941 1362 1009 Quintus
1391 943 1564 994 frater
1592 944 1810 1011 legatus

60 1044 276 1077 mecum
322 1026 502 1087 simul,
544 1026 667 1077 aliis
712 1025 773 1078 C.
814 1026 1143 1093 Pomptinus
1186 1027 1423 1093 legatus,
1466 1029 1694 1096 reliquis
1731 1030 1808 1083 M.

59 1116 318 1168 Anneius
376 1125 430 1168 et
490 1118 553 1169 L.
610 1117 829 1168 Tullius
885 1117 1055 1184 legati
1110 1127 1454 1184 praeessent,
1515 1119 1810 1188 plerosque

60 1208 447 1274 necopinantis
510 1208 907 1275 oppressimUS,
966 1208 1060 1275 qui
1116 1209 1286 1260 occisi
1343 1210 1603 1277 captique
1660 1220 1806 1273 sunt,

58 1298 346 1350 interclusi
400 1299 548 1366 fuga.
652 1299 894 1350 Eranam
943 1307 1146 1361 autem,
1198 1317 1339 1367 quae
1386 1300 1494 1351 fuit
1543 1319 1655 1352 non
1704 1303 1810 1354 vici

59 1389 249 1451 instar,
303 1391 402 1441 sed
458 1390 626 1451 urbiS‚
686 1391 833 1458 quod
890 1399 1007 1441 erat
1057 1390 1266 1441 Amani
1323 1399 1504 1458 caput,
1564 1392 1809 1460 itemque

61 1480 329 1550 Sepyram
375 1489 430 1532 et
475 1481 833 1543 Commorim,
880 1481 1082 1533 acriter
1123 1490 1178 1532 et
1222 1482 1315 1533 diu
1365 1484 1808 1550 repugnantibus

61 1572 357 1639 Pomptino
398 1573 545 1624 illam
589 1580 803 1640 partem
848 1572 1058 1624 Amani
1099 1573 1334 1635 tenenti,
1369 1591 1434 1624 ex
1476 1575 1808 1627 antelucano

57 1671 310 1730 tempore
361 1681 536 1731 usque
579 1665 646 1715 ad
695 1664 887 1714 horam
937 1664 1046 1715 diei
1095 1680 1146 1726 x,
1194 1682 1396 1731 magna
1450 1665 1809 1718 multitudine

58 1754 304 1805 hostiurn
336 1755 520 1806 occisa
558 1755 823 1822 cepimus,
857 1755 1196 1822 castellaque
1232 1755 1285 1806 vi
1324 1764 1486 1822 capta
1525 1757 1809 1824 complura

57 1845 425 1897 incendimus.
512 1846 620 1897 His
659 1847 825 1897 rebus
865 1846 943 1897 ita
984 1846 1161 1913 gestis
1205 1854 1387 1898 castra
1429 1847 1484 1897 in
1527 1848 1806 1900 radicibus

58 1936 267 1988 Amani
307 1937 600 1988 habuimus
642 1938 787 2003 apud
818 1937 964 1988 Aras
997 1936 1302 1988 Alexandri
1332 1938 1716 2004 quadriduum,
1751 1948 1805 1991 et

58 2027 114 2078 in
158 2028 404 2096 reliquiis
451 2028 661 2079 Amani
709 2028 960 2079 delendis
1010 2028 1271 2095 agrisque
1320 2029 1620 2091 vastandiS,
1666 2048 1806 2097 quae

56 2136 182 2185 pars
213 2119 330 2170 eius
361 2119 567 2170 montis
599 2135 755 2169 meae
786 2119 1106 2185 provinciae
1145 2128 1248 2180 est,
1283 2119 1336 2169 id
1373 2127 1597 2186 tempus
1640 2137 1805 2172 omne

57 2210 523 2276 consumpsimus.
612 2209 902 2261 Confectis
938 2209 1023 2260 his
1054 2210 1220 2260 rebus
1250 2211 1317 2260 ad
1348 2211 1611 2276 oppidum
1645 2211 1805 2262 Eleu-

54 2300 441 2352 therocilicum
475 2301 864 2351 Pindenissum
902 2300 1205 2352 exercitum
1242 2301 1458 2361 adduxi,
1493 2303 1638 2368 quod
1679 2319 1803 2353 cum

54 2400 204 2442 esset
229 2391 500 2442 altissimo
527 2399 581 2442 et
605 2391 982 2443 munitissimo
1006 2391 1143 2453 loco,
1170 2392 1238 2442 ab
1263 2391 1439 2458 iisque
1470 2392 1806 2444 incoleretur

54 2481 147 2548 qui
197 2499 266 2533 ne
317 2483 543 2550 regibus
601 2482 824 2549 quidem
874 2499 1137 2549 umquam
1186 2467 1518 2548 paruissent,
1572 2500 1697 2534 cum
1747 2492 1801 2534 et

52 2572 321 2639 fugitivos
365 2573 677 2640 reciperent
723 2581 776 2624 et
819 2573 1147 2624 Parthorum
1191 2573 1492 2624 adventum
1536 2574 1802 2625 acerrime

54 2672 460 2730 exspectarent,
493 2665 559 2714 ad
603 2664 1073 2715 existimationem
1115 2663 1309 2730 imperi
1345 2664 1626 2730 pertinere
1665 2664 1802 2716 arbi-

107 2780 144 2819 8.
169 2782 294 2832 apud
321 2783 676 2833 Epiphaneam:
699 2782 751 2820 cf.
768 2783 889 2832 apud
972 2782 1115 2821 Baiter
1136 2781 1220 2820 and
1245 2781 1514 2832 Wesenberg
1535 2781 1677 2820 would
1699 2782 1801 2822 read

53 2837 261 2882 Iconium,
287 2849 307 2875 2
331 2851 371 2875 n.
386 2861 441 2865 —
464 2838 672 2888 Quintus
700 2867 709 2876 .
739 2867 748 2876 .
778 2867 786 2876 .
814 2838 883 2876 le-
970 2845 1249 2889 repugnantes
1273 2851 1321 2876 or
1342 2839 1473 2876 insert
1495 2839 1688 2876 hostibus.

55 2892 171 2942 gati:
204 2894 368 2945 usually
385 2893 504 2932 there
522 2907 606 2932 was
625 2907 707 2931 one
724 2895 884 2943 legatus
1026 2905 1062 2944 9.
1098 2895 1222 2932 Aras
1246 2894 1507 2932 Alexandri
1528 2909 1536 2932 ε
1575 2894 1646 2932 the
1678 2894 1800 2945 place

54 2955 99 2986 to
130 2961 155 2986 a
185 2948 342 2998 legion,
369 2948 445 2987 but
479 2949 632 2988 Cicero
664 2949 749 2987 had
784 2949 885 2987 four
971 2949 1078 2987 took
1121 2950 1174 2987 its
1219 2962 1345 2987 name
1394 2950 1508 2987 from
1558 2950 1631 2988 the
1680 2950 1800 2989 three

52 3003 121 3041 for
142 3003 209 3042 his
235 3012 318 3043 two
344 3005 591 3055 legions.——
609 3017 883 3055 repugnan-
970 3005 1102 3043 altars
1135 3005 1269 3043 which
1306 3004 1555 3043 Alexander
1586 3005 1672 3043 had
1704 3018 1799 3044 con-

54 3059 199 3098 tibus:
240 3074 291 3097 sc.
329 3061 390 3098 iis.
462 3060 556 3099 The
593 3061 800 3098 omission
838 3060 884 3098 of
969 3060 1163 3098 secrated
1193 3067 1237 3098 to
1265 3060 1442 3110 Jupiter,
1469 3061 1693 3108 Hercules,
1715 3061 1799 3100 and

55 3114 126 3152 the
157 3115 326 3166 subject
351 3116 387 3154 is
408 3129 457 3154 so
491 3115 757 3154 remarkable
791 3116 881 3154 that
972 3117 1183 3163 Minerva;
1217 3116 1270 3154 cf.
1296 3116 1348 3164 Q.
1371 3116 1490 3154 Curt.
1509 3128 1545 3168 3.
1567 3128 1631 3169 33.

1838 1870 1865 1910 9

1842 2235 1888 2261 10
